代码,名称,最新价,IOPV实时估值,基金折价率,涨跌额,涨跌幅,成交量,成交额,开盘价,最高价,最低价,昨收,振幅,换手率,量比,委比,外盘,内盘,主力净流入-净额,主力净流入-净占比,超大单净流入-净额,超大单净流入-净占比,大单净流入-净额,大单净流入-净占比,中单净流入-净额,中单净流入-净占比,小单净流入-净额,小单净流入-净占比,现手,买一,卖一,最新份额,流通市值,总市值,数据日期,更新时间
513310,中韩半导体ETF华泰柏瑞,6.134,4.7185,-30.0,0.536,9.57,33477768.0,19644050957.0,5.821,6.139,5.619,5.598,9.29,152.21,1.62,32.6,16366306.0,17111462.0,82449216.0,0.42,68856640.0,0.35,13592576.0,0.07,-84367616.0,-0.43,1918336.0,0.01,-2660.0,6.134,6.135,2199427008.0,13491285267,13491285267,2026-05-13,2026-05-13 16:11:53+08:00
560660,云计算50ETF新华,1.277,1.27,-0.55,0.062,5.1,172666.0,21612475.0,1.206,1.286,1.205,1.215,6.67,13.6,1.73,87.31,93861.0,78805.0,-1126415.0,-5.21,-719031.0,-3.33,-407384.0,-1.88,815392.0,3.77,311023.0,1.44,-190.0,1.283,1.285,126938000.0,162099826,162099826,2026-05-13,2026-05-13 16:11:41+08:00
560710,船舶ETF富国,1.124,1.1185,-0.49,0.054,5.05,2445629.0,271327457.0,1.071,1.125,1.071,1.07,5.05,20.15,3.18,-6.6,1763134.0,682495.0,21646486.0,7.98,4252550.0,1.57,17393936.0,6.41,-4720488.0,-1.74,-16925997.0,-6.24,-11.0,1.124,1.125,1213580000.0,1364063920,1364063920,2026-05-13,2026-05-13 16:11:48+08:00
159242,创业板人工智能ETF大成,2.417,2.4147,-0.1,0.113,4.9,292793.0,68339573.606,2.26,2.418,2.26,2.304,6.86,15.23,0.98,34.64,149649.0,143144.0,-247215.0,-0.36,41050.0,0.06,-288265.0,-0.42,1616368.0,2.37,-1369153.0,-2.0,-1185.0,2.417,2.418,192278583.0,464737335,464737335,2026-05-13,2026-05-13 15:34:21+08:00
159382,创业板人工智能ETF南方,3.066,3.0615,-0.15,0.143,4.89,490573.0,146235878.3,2.893,3.066,2.86,2.923,7.05,5.74,0.84,-0.29,276141.0,214432.0,4919813.0,3.36,-3993853.0,-2.73,8913666.0,6.1,-1205538.0,-0.82,-3714275.0,-2.54,-3148.0,3.066,3.067,854055712.0,2618534813,2618534813,2026-05-13,2026-05-13 15:34:45+08:00
159246,创业板人工智能ETF富国,1.35,1.349,-0.07,0.062,4.81,2052358.0,270852882.08,1.266,1.35,1.266,1.288,6.52,7.8,1.24,69.45,1443160.0,609198.0,7745197.0,2.86,59910377.0,22.12,-52165180.0,-19.26,-3052753.0,-1.13,-4692444.0,-1.73,-9492.0,1.35,1.351,2629655600.0,3550035060,3550035060,2026-05-13,2026-05-13 15:34:09+08:00
159279,创业板人工智能ETF华安,1.628,1.628,0.0,0.074,4.76,479970.0,75548862.192,1.525,1.63,1.525,1.554,6.76,38.59,1.11,83.37,245566.0,234404.0,-267150.0,-0.35,0.0,0.0,-267150.0,-0.35,718846.0,0.95,-451696.0,-0.6,-744.0,1.628,1.629,124387534.0,202502905,202502905,2026-05-13,2026-05-13 15:34:27+08:00
159363,创业板人工智能ETF华宝,1.433,1.4334,0.03,0.065,4.75,10172887.0,1422110705.301,1.347,1.434,1.347,1.368,6.36,18.91,1.32,-4.89,5507676.0,4665211.0,21794128.0,1.53,28283264.0,1.99,-6489136.0,-0.46,-9673921.0,-0.68,-12120212.0,-0.85,42418.0,1.432,1.433,5380169984.0,7709783587,7709783587,2026-05-13,2026-05-13 15:34:15+08:00
159388,创业板人工智能ETF国泰,1.173,1.1728,-0.02,0.053,4.73,1343476.0,153163318.9,1.1,1.175,1.1,1.12,6.7,15.98,1.17,-3.03,730301.0,613175.0,3487362.0,2.28,-6140941.0,-4.01,9628303.0,6.29,-1940117.0,-1.27,-1547245.0,-1.01,4480.0,1.172,1.173,840736992.0,986184492,986184492,2026-05-13,2026-05-13 15:34:27+08:00
588710,科创半导体设备ETF华泰柏瑞,2.401,2.3948,-0.26,0.108,4.71,1308894.0,305346203.0,2.237,2.408,2.236,2.293,7.5,19.02,1.3,-23.55,695325.0,613569.0,5998795.0,1.96,-2142394.0,-0.7,8141189.0,2.67,-3571695.0,-1.17,-2427101.0,-0.79,20.0,2.4,2.401,688295008.0,1652596314,1652596314,2026-05-13,2026-05-13 16:11:35+08:00
589020,科创半导体设备ETF鹏华,1.873,1.8677,-0.28,0.084,4.7,741468.0,134989257.0,1.745,1.888,1.739,1.789,8.33,25.73,1.36,25.83,428176.0,313292.0,-8332195.0,-6.17,-5373128.0,-3.98,-2959067.0,-2.19,5038450.0,3.73,3293745.0,2.44,-397.0,1.874,1.875,288219008.0,539834202,539834202,2026-05-13,2026-05-13 16:12:02+08:00
588170,科创半导体ETF华夏,2.316,2.3132,-0.12,0.104,4.7,9277782.0,2097705797.0,2.16,2.324,2.158,2.212,7.5,22.63,1.57,12.13,4766635.0,4511147.0,103187168.0,4.92,115683024.0,5.51,-12495856.0,-0.6,14849408.0,0.71,-118036596.0,-5.63,1888.0,2.315,2.316,4099149008.0,9493629103,9493629103,2026-05-13,2026-05-13 16:11:47+08:00
159243,创业板人工智能ETF招商,1.45,1.4501,0.01,0.065,4.69,415901.0,58232042.644,1.365,1.453,1.364,1.385,6.43,26.83,0.93,-42.88,241559.0,174342.0,6742780.0,11.58,419380.0,0.72,6323400.0,10.86,-4793697.0,-8.23,-1949084.0,-3.35,770.0,1.449,1.45,155030224.0,224793825,224793825,2026-05-13,2026-05-13 15:34:06+08:00
159381,创业板人工智能ETF华夏,2.709,2.7098,0.03,0.121,4.68,1472922.0,386669318.335,2.551,2.714,2.551,2.588,6.3,16.02,0.87,0.9,808737.0,664185.0,16027165.0,4.14,-8277171.0,-2.14,24304336.0,6.29,-5780240.0,-1.49,-10246925.0,-2.65,-6537.0,2.709,2.71,919576608.0,2491133031,2491133031,2026-05-13,2026-05-13 15:34:24+08:00
159811,5GETF博时,3.227,3.2171,-0.31,0.14,4.54,73589.0,23319966.3,3.065,3.228,3.049,3.087,5.8,14.06,1.61,-39.72,44130.0,29459.0,-261797.0,-1.12,293775.0,1.26,-555572.0,-2.38,-1749529.0,-7.5,2011326.0,8.62,910.0,3.226,3.227,52343393.0,168912129,168912129,2026-05-13,2026-05-13 15:34:15+08:00
159140,科创创业人工智能ETF易方达,1.498,1.4965,-0.1,0.065,4.54,839758.0,120598932.613,1.43,1.498,1.406,1.433,6.42,20.19,1.54,-25.02,287066.0,552693.0,-475438.0,-0.39,-7989699.0,-6.63,7514261.0,6.23,910661.0,0.76,-435223.0,-0.36,2661.0,1.497,1.498,415936832.0,623073374,623073374,2026-05-13,2026-05-13 15:34:21+08:00
588410,科创创业人工智能ETF鹏华,1.438,1.437,-0.07,0.062,4.51,98589.0,13731047.0,1.347,1.439,1.347,1.376,6.69,9.37,1.09,21.54,50210.0,48379.0,938246.0,6.83,365369.0,2.66,572877.0,4.17,-216274.0,-1.58,-721972.0,-5.26,3.0,1.436,1.439,105250000.0,151349500,151349500,2026-05-13,2026-05-13 16:11:51+08:00
588420,科创创业人工智能ETF摩根,1.438,1.4385,0.03,0.061,4.43,211845.0,29638993.0,1.355,1.438,1.351,1.377,6.32,11.92,0.75,-14.73,123641.0,88204.0,2034852.0,6.87,1459304.0,4.92,575548.0,1.94,-1387704.0,-4.68,-647149.0,-2.18,-237.0,1.438,1.439,177648000.0,255457824,255457824,2026-05-13,2026-05-13 16:11:39+08:00
159142,科创创业人工智能ETF景顺,1.441,1.4411,0.01,0.061,4.42,559026.0,78032163.96,1.35,1.446,1.35,1.38,6.96,8.4,1.1,-14.19,288954.0,270072.0,-2647282.0,-3.39,-3792255.0,-4.86,1144973.0,1.47,1717021.0,2.2,930260.0,1.19,11305.0,1.44,1.441,665260144.0,958639868,958639868,2026-05-13,2026-05-13 15:34:18+08:00
588430,科创创业人工智能ETF工银,1.463,1.4635,0.03,0.061,4.35,199295.0,28212359.0,1.373,1.464,1.373,1.402,6.49,17.11,1.1,-34.76,112828.0,86467.0,3560067.0,12.62,2758955.0,9.78,801112.0,2.84,-3038342.0,-10.77,-521724.0,-1.85,-10.0,1.464,1.467,116458000.0,170378054,170378054,2026-05-13,2026-05-13 16:11:48+08:00
159139,科创创业人工智能ETF华泰柏瑞,1.486,1.4882,0.15,0.062,4.35,322593.0,46424896.825,1.402,1.487,1.393,1.424,6.6,13.55,0.91,44.37,159970.0,162623.0,2631521.0,5.67,1146857.0,2.47,1484664.0,3.2,-1754862.0,-3.78,-876660.0,-1.89,725.0,1.485,1.486,238109210.0,353830286,353830286,2026-05-13,2026-05-13 15:34:33+08:00
159141,科创创业人工智能ETF永赢,1.42,1.422,0.14,0.059,4.34,496502.0,68569452.482,1.337,1.42,1.331,1.361,6.54,4.88,0.46,-2.53,245320.0,251182.0,3263847.0,4.76,-1934359.0,-2.82,5198206.0,7.58,-2740206.0,-4.0,-523640.0,-0.76,1497.0,1.419,1.42,1017060736.0,1444226245,1444226245,2026-05-13,2026-05-13 15:34:36+08:00
159994,通信ETF银华,1.413,1.4076,-0.38,0.058,4.28,1240401.0,171599189.782,1.33,1.413,1.33,1.355,6.13,6.1,1.18,50.6,715411.0,524990.0,-4086565.0,-2.38,5612542.0,3.27,-9699107.0,-5.65,5030596.0,2.93,-944031.0,-0.55,6013.0,1.412,1.413,2032003360.0,2871220748,2871220748,2026-05-13,2026-05-13 15:34:36+08:00
588480,科创创业人工智能ETF中金,1.078,1.0815,0.32,0.044,4.26,630878.0,65934106.0,1.028,1.08,1.015,1.034,6.29,19.49,0.54,-31.59,384288.0,246590.0,10903731.0,16.54,7958642.0,12.07,2945089.0,4.47,-9397850.0,-14.25,-1505880.0,-2.28,-90.0,1.078,1.079,323717008.0,348966935,348966935,2026-05-13,2026-05-13 16:12:02+08:00
159558,半导体设备ETF易方达,2.739,2.7368,-0.08,0.111,4.22,3263960.0,872145698.025,2.568,2.753,2.568,2.628,7.04,14.64,1.4,53.69,1670137.0,1593823.0,-62179028.0,-7.13,-65846420.0,-7.55,3667392.0,0.42,46707720.0,5.36,15471319.0,1.77,-11435.0,2.739,2.74,2229854640.0,6107571859,6107571859,2026-05-13,2026-05-13 15:34:51+08:00
515050,UC通信ETF华夏,1.156,1.154,-0.17,0.046,4.14,6740545.0,759184636.0,1.088,1.158,1.088,1.11,6.31,18.49,3.02,-5.59,3185899.0,3554646.0,-64085283.0,-8.44,-70784368.0,-9.32,6699085.0,0.88,38188524.0,5.03,25896758.0,3.41,-216.0,1.157,1.158,3645068496.0,4213699181,4213699181,2026-05-13,2026-05-13 16:11:58+08:00
159516,半导体设备ETF国泰,1.169,1.1677,-0.11,0.046,4.1,20465765.0,2327766138.888,1.097,1.173,1.096,1.123,6.86,10.42,1.11,8.48,11297299.0,9168466.0,2149056.0,0.09,-43507312.0,-1.87,45656368.0,1.96,17524592.0,0.75,-19673657.0,-0.85,164517.0,1.168,1.169,19633179904.0,22951187308,22951187308,2026-05-13,2026-05-13 15:34:03+08:00
560780,半导体设备ETF广发,2.579,2.5746,-0.17,0.101,4.08,1101205.0,274283910.0,2.414,2.584,2.414,2.478,6.86,6.64,1.07,30.35,682637.0,418568.0,-5024877.0,-1.83,-800220.0,-0.29,-4224657.0,-1.54,3896744.0,1.42,1128133.0,0.41,-821.0,2.579,2.58,1659496000.0,4279840184,4279840184,2026-05-13,2026-05-13 16:11:48+08:00
159153,消费电子ETF鹏华,1.314,1.3037,-0.79,0.051,4.04,115796.0,14780957.905,1.246,1.314,1.221,1.263,7.36,19.39,0.97,85.17,73039.0,42757.0,-2521761.0,-17.06,-3763667.0,-25.46,1241906.0,8.4,1723323.0,11.66,798437.0,5.4,-204.0,1.314,1.32,59725988.0,78479948,78479948,2026-05-13,2026-05-13 15:34:42+08:00
159967,创业板成长ETF华夏,0.902,0.9005,-0.17,0.035,4.04,6608825.0,581796746.372,0.86,0.902,0.855,0.867,5.42,15.27,0.7,63.89,3995564.0,2613261.0,-29384576.0,-5.05,-87069607.0,-14.97,57685031.0,9.91,25990201.0,4.47,3394371.0,0.58,-38814.0,0.902,0.903,4328305920.0,3904131940,3904131940,2026-05-13,2026-05-13 15:34:18+08:00
512930,AI人工智能ETF平安,2.906,2.8932,-0.44,0.112,4.01,793527.0,224056973.0,2.769,2.908,2.742,2.794,5.94,7.48,1.24,-26.22,429808.0,363719.0,10749097.0,4.8,13901296.0,6.2,-3152199.0,-1.41,46172.0,0.02,-10795270.0,-4.82,-102.0,2.907,2.908,1061130304.0,3083644663,3083644663,2026-05-13,2026-05-13 16:11:40+08:00
159022,科创创业人工智能ETF富国,1.188,1.1945,0.54,0.045,3.94,276289.0,32088681.963,1.128,1.191,1.12,1.143,6.21,19.93,0.61,-42.52,159209.0,117079.0,3168540.0,9.87,3342371.0,10.42,-173831.0,-0.54,-3087751.0,-9.62,-80788.0,-0.25,7327.0,1.187,1.188,138630967.0,164693589,164693589,2026-05-13,2026-05-13 15:34:03+08:00
562590,半导体设备ETF华夏,2.463,2.4604,-0.11,0.093,3.92,1396176.0,329685902.0,2.323,2.472,2.31,2.37,6.84,10.5,1.02,30.82,742363.0,653813.0,-10000499.0,-3.03,2656178.0,0.81,-12656677.0,-3.84,8900606.0,2.7,1099892.0,0.33,25.0,2.462,2.464,1329663008.0,3274959989,3274959989,2026-05-13,2026-05-13 16:11:43+08:00
516510,云计算ETF易方达,1.988,1.9835,-0.23,0.075,3.92,1339387.0,261284058.0,1.895,1.989,1.892,1.913,5.07,9.4,1.04,-7.75,810748.0,528639.0,13795244.0,5.28,-2744306.0,-1.05,16539550.0,6.33,5364808.0,2.05,-19160053.0,-7.33,196.0,1.987,1.988,1424890000.0,2832681320,2832681320,2026-05-13,2026-05-13 16:12:00+08:00
512720,计算机ETF国泰,1.409,1.4063,-0.19,0.053,3.91,392044.0,53941055.0,1.346,1.409,1.342,1.356,4.94,8.11,1.1,16.07,240491.0,151553.0,2335404.0,4.33,-937872.0,-1.74,3273276.0,6.07,-238408.0,-0.44,-2096995.0,-3.89,-100.0,1.409,1.41,483453408.0,681185852,681185852,2026-05-13,2026-05-13 16:11:35+08:00
516000,大数据ETF华夏,1.183,1.1792,-0.32,0.044,3.86,607373.0,70032837.0,1.129,1.183,1.125,1.139,5.09,19.11,2.34,-3.53,202626.0,404747.0,2090903.0,2.99,7566363.0,10.8,-5475460.0,-7.82,-1188711.0,-1.7,-902192.0,-1.29,25.0,1.182,1.183,317855008.0,376022474,376022474,2026-05-13,2026-05-13 16:11:54+08:00
516630,云计算ETF华夏,1.939,1.9331,-0.31,0.072,3.86,516473.0,98103427.0,1.851,1.94,1.85,1.867,4.82,12.87,1.36,-3.34,299092.0,217381.0,4391845.0,4.48,1314563.0,1.34,3077282.0,3.14,1505968.0,1.54,-5897813.0,-6.01,-93.0,1.938,1.939,401156000.0,777841484,777841484,2026-05-13,2026-05-13 16:11:44+08:00
159327,半导体设备ETF万家,2.79,2.7921,0.08,0.102,3.79,802829.0,218768659.478,2.623,2.801,2.618,2.688,6.81,17.32,1.9,13.99,389472.0,413357.0,1254491.0,0.57,-23560066.0,-10.77,24814557.0,11.34,-1354683.0,-0.62,100191.0,0.05,-3788.0,2.79,2.791,463524704.0,1293233924,1293233924,2026-05-13,2026-05-13 15:34:06+08:00
515980,人工智能ETF华富,1.159,1.1591,0.01,0.042,3.76,3415736.0,385307229.0,1.1,1.16,1.096,1.117,5.73,4.7,0.91,-21.23,1623798.0,1791938.0,84709386.0,21.98,114027764.0,29.59,-29318378.0,-7.61,-45296088.0,-11.76,-39413298.0,-10.23,3.0,1.158,1.159,7268129024.0,8423761539,8423761539,2026-05-13,2026-05-13 16:11:57+08:00
516700,大数据ETF华宝,1.133,1.1299,-0.27,0.041,3.75,181866.0,20187834.0,1.084,1.133,1.08,1.092,4.85,18.82,1.07,2.57,107906.0,73960.0,2514263.0,12.45,4933453.0,24.44,-2419190.0,-11.98,-916058.0,-4.54,-1598206.0,-7.92,-65.0,1.133,1.134,96622000.0,109472726,109472726,2026-05-13,2026-05-13 16:11:42+08:00
515880,通信ETF国泰,1.557,1.5534,-0.23,0.056,3.73,18534526.0,2822650906.0,1.473,1.558,1.473,1.501,5.66,10.37,0.94,32.27,10255470.0,8279056.0,-31614320.0,-1.12,46713104.0,1.65,-78327424.0,-2.77,26840960.0,0.95,4773376.0,0.17,-6348.0,1.557,1.558,17873886976.0,27829642022,27829642022,2026-05-13,2026-05-13 16:11:52+08:00
159819,人工智能ETF易方达,2.033,2.0336,0.03,0.073,3.72,4306759.0,855082826.472,1.931,2.034,1.924,1.96,5.61,3.46,1.02,-21.72,2109246.0,2197514.0,87314527.0,10.21,120030571.0,14.04,-32716044.0,-3.83,-35976202.0,-4.21,-51338318.0,-6.0,-29574.0,2.033,2.034,12451229696.0,25313349972,25313349972,2026-05-13,2026-05-13 15:34:21+08:00
561600,消费电子ETF平安,1.621,1.6157,-0.33,0.058,3.71,170872.0,27142239.0,1.533,1.621,1.533,1.563,5.63,13.12,0.91,21.91,105201.0,65671.0,-1355800.0,-5.0,-231000.0,-0.85,-1124800.0,-4.14,693224.0,2.55,662575.0,2.44,100.0,1.62,1.621,130274000.0,211174154,211174154,2026-05-13,2026-05-13 16:11:48+08:00
159738,云计算ETF华泰柏瑞,2.25,2.2564,0.28,0.08,3.69,165444.0,36330847.8,2.165,2.252,2.147,2.17,4.84,10.41,1.27,55.94,101170.0,64274.0,3088820.0,8.5,1372507.0,3.78,1716313.0,4.72,-1857486.0,-5.11,-1231333.0,-3.39,-261.0,2.25,2.251,158992667.0,357733501,357733501,2026-05-13,2026-05-13 15:34:45+08:00
562950,消费电子ETF易方达,1.693,1.6855,-0.44,0.06,3.67,371947.0,61593847.0,1.6,1.696,1.597,1.633,6.06,6.7,1.08,-40.55,186339.0,185608.0,-5608275.0,-9.11,-685912.0,-1.11,-4922363.0,-7.99,4430336.0,7.19,1177939.0,1.91,-30.0,1.694,1.696,555258304.0,940052309,940052309,2026-05-13,2026-05-13 16:11:59+08:00
159997,电子ETF天弘,2.21,2.2038,-0.28,0.078,3.66,384296.0,82293516.21,2.089,2.21,2.089,2.132,5.68,5.62,1.06,64.33,170928.0,213368.0,20820411.0,25.3,23090199.0,28.06,-2269788.0,-2.76,-8454629.0,-10.27,-12365781.0,-15.03,-399.0,2.21,2.211,684306640.0,1512317674,1512317674,2026-05-13,2026-05-13 15:34:42+08:00
159890,云计算ETF招商,2.013,2.0132,0.01,0.071,3.66,295595.0,58325972.5,1.922,2.017,1.922,1.942,4.89,10.65,1.27,-2.39,184565.0,111030.0,8506975.0,14.59,9205330.0,15.78,-698355.0,-1.2,-1808159.0,-3.1,-6698816.0,-11.49,-1798.0,2.013,2.014,277590688.0,558790055,558790055,2026-05-13,2026-05-13 15:34:51+08:00
159732,消费电子ETF华夏,1.503,1.4978,-0.35,0.053,3.66,1689536.0,248198624.074,1.427,1.503,1.421,1.45,5.66,9.96,1.15,53.17,873301.0,816235.0,-27951063.0,-11.26,-26756683.0,-10.78,-1194380.0,-0.48,22335937.0,9.0,5615125.0,2.26,-9310.0,1.503,1.504,1696447904.0,2549761200,2549761200,2026-05-13,2026-05-13 15:34:57+08:00
589180,科创新材料ETF汇添富,1.873,1.8703,-0.14,0.066,3.65,30642.0,5654719.0,1.829,1.874,1.789,1.807,4.7,27.07,1.53,26.71,21267.0,9375.0,468043.0,8.28,0.0,0.0,468043.0,8.28,-234443.0,-4.15,-233600.0,-4.13,20.0,1.864,1.876,11318000.0,21198614,21198614,2026-05-13,2026-05-13 16:11:53+08:00
159779,消费电子ETF招商,1.563,1.5596,-0.22,0.055,3.65,82291.0,12477921.261,1.473,1.563,1.473,1.508,5.97,7.56,0.56,-62.23,42018.0,40273.0,980058.0,7.85,348366.0,2.79,631692.0,5.06,-1092663.0,-8.76,112604.0,0.9,819.0,1.562,1.563,108869337.0,170162774,170162774,2026-05-13,2026-05-13 15:34:15+08:00
159739,云计算ETF鹏华,1.878,1.8806,0.14,0.066,3.64,178960.0,32883031.616,1.791,1.88,1.791,1.812,4.91,7.69,1.09,-23.08,119812.0,59148.0,1487935.0,4.52,237010.0,0.72,1250925.0,3.8,3873528.0,11.78,-5361462.0,-16.3,-695.0,1.878,1.879,232580615.0,436786395,436786395,2026-05-13,2026-05-13 15:34:39+08:00
512220,TMTETF景顺,4.054,4.0465,-0.19,0.142,3.63,87147.0,34598444.0,3.82,4.054,3.82,3.912,5.98,5.19,1.42,0.6,44548.0,42599.0,-5303358.0,-15.33,-4328446.0,-12.51,-974912.0,-2.82,1483228.0,4.29,3820130.0,11.04,2.0,4.053,4.054,167967600.0,680940650,680940650,2026-05-13,2026-05-13 16:11:39+08:00
159527,云计算ETF广发,2.509,2.5077,-0.05,0.088,3.63,66719.0,16425082.784,2.39,2.512,2.389,2.421,5.08,5.05,1.14,-15.71,42205.0,24514.0,586096.0,3.57,5031.0,0.03,581065.0,3.54,127212.0,0.77,-713308.0,-4.34,-1809.0,2.509,2.51,132100450.0,331440029,331440029,2026-05-13,2026-05-13 15:34:57+08:00
159273,云计算ETF汇添富,1.573,1.5721,-0.06,0.055,3.62,494138.0,75409065.388,1.504,1.576,1.496,1.518,5.27,5.43,1.48,51.6,305819.0,188319.0,-2581982.0,-3.42,-443644.0,-0.59,-2138338.0,-2.84,-1480730.0,-1.96,4062713.0,5.39,2497.0,1.572,1.573,909777504.0,1431080014,1431080014,2026-05-13,2026-05-13 15:34:21+08:00
159782,双创50ETF银华,1.239,1.2359,-0.25,0.043,3.6,341775.0,41352954.327,1.178,1.239,1.175,1.196,5.35,6.43,1.06,73.52,215688.0,126087.0,2866252.0,6.93,2987668.0,7.22,-121416.0,-0.29,-2006944.0,-4.85,-859308.0,-2.08,-3277.0,1.239,1.24,531190272.0,658144747,658144747,2026-05-13,2026-05-13 15:34:03+08:00
515070,人工智能ETF华夏,2.576,2.578,0.08,0.089,3.58,1176844.0,294473832.0,2.445,2.578,2.438,2.487,5.63,2.81,1.07,7.53,707337.0,469507.0,23823663.0,8.09,17995112.0,6.11,5828551.0,1.98,-9838972.0,-3.34,-13984691.0,-4.75,2.0,2.575,2.576,4186970208.0,10785635256,10785635256,2026-05-13,2026-05-13 16:11:33+08:00
588160,科创新材料ETF南方,1.159,1.1577,-0.11,0.04,3.57,125333.0,14275086.0,1.101,1.16,1.099,1.119,5.45,7.69,1.21,-8.67,55478.0,69855.0,227205.0,1.59,-342613.0,-2.4,569818.0,3.99,21164.0,0.15,-248369.0,-1.74,33.0,1.157,1.159,162996000.0,188912364,188912364,2026-05-13,2026-05-13 16:11:45+08:00
515400,大数据ETF富国,1.079,1.0782,-0.07,0.037,3.55,1636660.0,173228281.0,1.03,1.08,1.029,1.042,4.89,10.82,1.19,-52.81,891363.0,745297.0,37353440.0,21.56,30503172.0,17.61,6850268.0,3.95,-6625579.0,-3.82,-30727861.0,-17.74,-200.0,1.079,1.08,1512631408.0,1632129289,1632129289,2026-05-13,2026-05-13 16:11:44+08:00
561100,消费电子ETF富国,1.755,1.7519,-0.18,0.06,3.54,312738.0,53930804.0,1.661,1.759,1.653,1.695,6.25,7.06,1.0,-42.05,168481.0,144257.0,-3281410.0,-6.08,-2906590.0,-5.39,-374820.0,-0.7,2138455.0,3.97,1142954.0,2.12,-4451.0,1.754,1.755,442746896.0,777020802,777020802,2026-05-13,2026-05-13 16:11:53+08:00
512330,信息科技ETF南方,1.938,1.9384,0.02,0.066,3.53,39311.0,7439706.0,1.832,1.939,1.832,1.872,5.72,1.04,0.71,47.71,20240.0,19071.0,613141.0,8.24,-1234936.0,-16.6,1848077.0,24.84,-365674.0,-4.92,-247466.0,-3.33,10.0,1.937,1.939,379188000.0,734866344,734866344,2026-05-13,2026-05-13 16:11:57+08:00
159780,科创创业50ETF南方,1.237,1.2377,0.06,0.042,3.51,1222499.0,147357379.007,1.177,1.237,1.174,1.195,5.27,4.62,1.31,-22.79,665715.0,556785.0,4503609.0,3.06,-2058100.0,-1.4,6561709.0,4.45,-3741254.0,-2.54,-762355.0,-0.52,-4714.0,1.237,1.238,2646048576.0,3273162089,3273162089,2026-05-13,2026-05-13 15:34:00+08:00
588390,科创创业ETF博时,1.342,1.3421,0.01,0.045,3.47,95937.0,12565995.0,1.295,1.343,1.222,1.297,9.33,6.15,1.04,-46.96,47743.0,48194.0,-295321.0,-2.35,528435.0,4.21,-823756.0,-6.56,383061.0,3.05,-87742.0,-0.7,-1.0,1.342,1.343,155935900.0,209265978,209265978,2026-05-13,2026-05-13 16:11:40+08:00
588320,双创50增强ETF广发,1.97,1.9602,-0.5,0.066,3.47,30921.0,5939489.0,1.874,1.97,1.871,1.904,5.2,11.53,0.85,82.65,19025.0,11896.0,-1346769.0,-22.67,0.0,0.0,-1346769.0,-22.67,1378187.0,23.2,-31418.0,-0.53,2.0,1.968,1.97,26824600.0,52844462,52844462,2026-05-13,2026-05-13 16:11:41+08:00
159248,人工智能ETF万家,1.998,2.0024,0.22,0.067,3.47,140386.0,27389287.7,1.9,1.998,1.891,1.931,5.54,11.22,1.07,-66.38,67331.0,73055.0,274277.0,1.0,-4472433.0,-16.33,4746710.0,17.33,517123.0,1.89,-791400.0,-2.89,-610.0,1.998,1.999,125095652.0,249941113,249941113,2026-05-13,2026-05-13 15:34:33+08:00
588010,科创新材料ETF博时,1.134,1.1351,0.1,0.038,3.47,169727.0,18922070.0,1.079,1.139,1.079,1.096,5.47,8.58,0.9,-0.38,89225.0,80502.0,859852.0,4.54,-1205437.0,-6.37,2065289.0,10.91,-200168.0,-1.06,-659684.0,-3.49,-67.0,1.135,1.136,197925800.0,224447857,224447857,2026-05-13,2026-05-13 16:11:35+08:00
159998,计算机ETF天弘,1.166,1.1657,-0.03,0.039,3.46,1421426.0,161750387.16,1.122,1.168,1.114,1.127,4.79,6.65,1.08,-11.65,630502.0,790924.0,15965734.0,9.87,17211629.0,10.64,-1245895.0,-0.77,-3760351.0,-2.32,-12205383.0,-7.55,-2444.0,1.166,1.167,2137055360.0,2491806550,2491806550,2026-05-13,2026-05-13 15:34:39+08:00
515260,电子ETF华宝,0.896,0.8942,-0.2,0.03,3.46,533619.0,46761062.0,0.844,0.898,0.844,0.866,6.24,8.15,1.14,-27.1,281816.0,251803.0,1822766.0,3.9,-116827.0,-0.25,1939593.0,4.15,-795332.0,-1.7,-1027435.0,-2.2,300.0,0.894,0.896,654568400.0,586493286,586493286,2026-05-13,2026-05-13 16:11:33+08:00
159603,科创创业ETF天弘,1.917,1.9141,-0.15,0.064,3.45,88487.0,16640578.7,1.828,1.917,1.819,1.853,5.29,0.43,1.53,69.17,45736.0,42751.0,-186595.0,-1.12,-3145444.0,-18.9,2958849.0,17.78,134394.0,0.81,52201.0,0.31,100.0,1.914,1.917,2052071920.0,3933821871,3933821871,2026-05-13,2026-05-13 15:34:33+08:00
517390,云计算ETF天弘,2.127,2.1302,0.15,0.071,3.45,60837.0,12751576.0,2.016,2.129,2.016,2.056,5.5,3.73,0.66,44.19,37619.0,23218.0,267854.0,2.1,46190.0,0.36,221664.0,1.74,1644638.0,12.9,-1912493.0,-15.0,-51.0,2.128,2.129,163112600.0,346940500,346940500,2026-05-13,2026-05-13 16:11:40+08:00
588380,科创创业ETF富国,1.266,1.2639,-0.17,0.042,3.43,786269.0,96889261.0,1.208,1.266,1.201,1.224,5.31,3.59,1.1,-67.04,412457.0,373812.0,600651.0,0.62,1144573.0,1.18,-543922.0,-0.56,-1613777.0,-1.67,1013127.0,1.05,403.0,1.266,1.267,2189770000.0,2772248820,2772248820,2026-05-13,2026-05-13 16:11:59+08:00
588350,科创创业50ETF鹏扬,1.923,1.9195,-0.18,0.063,3.39,57771.0,11019335.0,1.829,1.923,1.825,1.86,5.27,0.77,3.81,-29.71,18860.0,38911.0,-38919.0,-0.35,-211273.0,-1.92,172354.0,1.56,-110488.0,-1.0,149407.0,1.36,3.0,1.918,1.923,750546000.0,1443299958,1443299958,2026-05-13,2026-05-13 16:11:46+08:00
515320,电子50ETF华安,1.62,1.621,0.06,0.053,3.38,119112.0,18846942.0,1.552,1.622,1.538,1.567,5.36,14.83,1.11,29.81,69952.0,49160.0,-1438527.0,-7.63,-1060153.0,-5.63,-378374.0,-2.01,1249495.0,6.63,189033.0,1.0,48.0,1.618,1.62,80309000.0,130100580,130100580,2026-05-13,2026-05-13 16:12:02+08:00
159511,通信ETF南方,2.617,2.6138,-0.12,0.085,3.36,111831.0,28598814.2,2.487,2.617,2.487,2.532,5.13,10.03,1.17,56.68,70301.0,41530.0,-573606.0,-2.01,-3824085.0,-13.37,3250479.0,11.37,142338.0,0.5,431267.0,1.51,454.0,2.615,2.617,111444573.0,291650448,291650448,2026-05-13,2026-05-13 15:34:30+08:00
159582,半导体ETF博时,3.292,3.29,-0.06,0.107,3.36,271164.0,86135324.5,3.105,3.3,3.08,3.185,6.91,22.3,1.17,96.65,126805.0,144359.0,594314.0,0.69,3172630.0,3.68,-2578316.0,-2.99,-1862052.0,-2.16,1267737.0,1.47,-1139.0,3.292,3.294,121621621.0,400378376,400378376,2026-05-13,2026-05-13 15:34:18+08:00
561980,半导体设备ETF招商,2.987,2.9869,0.0,0.097,3.36,963690.0,278589235.0,2.812,2.998,2.801,2.89,6.82,7.41,0.84,-9.63,479167.0,484523.0,809397.0,0.29,23505461.0,8.44,-22696064.0,-8.15,3125628.0,1.12,-3935025.0,-1.41,212.0,2.986,2.987,1300110000.0,3883428570,3883428570,2026-05-13,2026-05-13 16:11:47+08:00
588310,科创创业ETF方正富邦,1.338,1.3339,-0.31,0.043,3.32,33669.0,4418664.0,1.273,1.338,1.263,1.295,5.79,9.83,1.76,67.65,16828.0,16841.0,160361.0,3.63,-27565.0,-0.62,187926.0,4.25,-89351.0,-2.02,-71010.0,-1.61,-10.0,1.338,1.34,34237500.0,45809775,45809775,2026-05-13,2026-05-13 16:11:39+08:00
561310,消电ETF国泰,1.561,1.5634,0.15,0.05,3.31,62481.0,9551902.0,1.5,1.564,1.493,1.511,4.7,17.4,0.86,-67.8,30260.0,32221.0,-17519.0,-0.18,0.0,0.0,-17519.0,-0.18,151566.0,1.59,-134046.0,-1.4,57.0,1.56,1.561,35916600.0,56065813,56065813,2026-05-13,2026-05-13 16:11:55+08:00
588400,科创创业ETF嘉实,1.25,1.2504,0.03,0.04,3.31,467091.0,57030002.0,1.192,1.251,1.188,1.21,5.21,3.69,1.17,-38.01,282597.0,184494.0,7240696.0,12.7,8530064.0,14.96,-1289368.0,-2.26,-3643697.0,-6.39,-3596998.0,-6.31,-300.0,1.25,1.251,1266600608.0,1583250760,1583250760,2026-05-13,2026-05-13 16:11:50+08:00
589110,科创人工智能ETF国泰,1.16,1.1607,0.06,0.037,3.29,223116.0,25392424.0,1.114,1.162,1.102,1.123,5.34,3.39,1.06,-21.81,137322.0,85794.0,553698.0,2.18,5694778.0,22.43,-5141080.0,-20.25,251252.0,0.99,-804951.0,-3.17,30.0,1.159,1.16,657413008.0,762599089,762599089,2026-05-13,2026-05-13 16:12:02+08:00
159597,创业板成长ETF易方达,2.764,2.7621,-0.07,0.088,3.29,53390.0,14416087.4,2.638,2.764,2.638,2.676,4.71,2.75,0.68,80.22,29444.0,23946.0,-469018.0,-3.25,238162.0,1.65,-707180.0,-4.91,1235816.0,8.57,-766799.0,-5.32,-1163.0,2.764,2.769,194252379.0,536913576,536913576,2026-05-13,2026-05-13 15:34:27+08:00
563210,专精特新ETF富国,2.144,2.1334,-0.5,0.068,3.28,92515.0,19381027.0,2.03,2.148,2.028,2.076,5.78,10.75,0.93,-5.4,56128.0,36387.0,-2805982.0,-14.48,-1025677.0,-5.29,-1780305.0,-9.19,1959925.0,10.11,846057.0,4.37,2.0,2.142,2.146,86067000.0,184527648,184527648,2026-05-13,2026-05-13 16:11:44+08:00
588330,双创50ETF华宝,1.259,1.256,-0.24,0.04,3.28,647847.0,79227041.0,1.207,1.26,1.192,1.219,5.58,7.43,1.15,-10.48,335350.0,312497.0,-1142336.0,-1.44,1424132.0,1.8,-2566468.0,-3.24,1503590.0,1.9,-361253.0,-0.46,-10.0,1.259,1.26,871737808.0,1097517900,1097517900,2026-05-13,2026-05-13 16:11:43+08:00
589010,科创人工智能ETF华夏,1.771,1.7709,-0.01,0.056,3.27,972798.0,167215490.0,1.7,1.771,1.679,1.715,5.36,7.91,0.76,6.11,480121.0,492677.0,14513756.0,8.68,9125541.0,5.46,5388215.0,3.22,-12228554.0,-7.31,-2285202.0,-1.37,1379.0,1.771,1.772,1229793008.0,2177963417,2177963417,2026-05-13,2026-05-13 16:11:38+08:00
562560,信息技术ETF华夏,2.41,2.4053,-0.2,0.076,3.26,10136.0,2362150.0,2.289,2.41,2.276,2.334,5.74,4.77,0.69,4.25,8524.0,1612.0,-206575.0,-8.75,-1626140.0,-68.84,1419565.0,60.1,187916.0,7.96,18658.0,0.79,4.0,2.41,2.411,21265500.0,51249855,51249855,2026-05-13,2026-05-13 16:11:57+08:00
563560,科技成长ETF兴业,1.299,1.3033,0.33,0.041,3.26,99895.0,12653569.0,1.24,1.3,1.234,1.258,5.25,11.93,0.5,-42.15,58573.0,41322.0,1223696.0,9.67,-596027.0,-4.71,1819723.0,14.38,-1302180.0,-10.29,78483.0,0.62,-20.0,1.299,1.3,83769000.0,108815931,108815931,2026-05-13,2026-05-13 16:11:41+08:00
159178,消费电子ETF汇添富,1.145,1.1471,0.18,0.036,3.25,164680.0,18487955.284,1.09,1.146,1.09,1.109,5.05,19.74,0.49,-42.45,114828.0,49852.0,2478465.0,13.41,5411649.0,29.27,-2933184.0,-15.87,-1628226.0,-8.81,-850239.0,-4.6,1535.0,1.144,1.145,83432994.0,95530778,95530778,2026-05-13,2026-05-13 15:34:57+08:00
159781,科创创业ETF易方达,1.239,1.2376,-0.11,0.039,3.25,3323884.0,402079532.316,1.181,1.24,1.176,1.2,5.33,3.06,1.04,-32.25,1891489.0,1432395.0,10175339.0,2.53,-30950653.0,-7.7,41125992.0,10.23,3234877.0,0.8,-13410216.0,-3.34,12790.0,1.238,1.239,10849860608.0,13442977293,13442977293,2026-05-13,2026-05-13 15:34:03+08:00
159783,科创创业50ETF华夏,1.242,1.2437,0.14,0.039,3.24,2983010.0,363705345.022,1.188,1.244,1.18,1.203,5.32,6.63,1.67,-64.4,1250377.0,1732633.0,-9760076.0,-2.68,26638370.0,7.32,-36398446.0,-10.01,10265203.0,2.82,-505127.0,-0.14,5529.0,1.241,1.242,4497659392.0,5586092965,5586092965,2026-05-13,2026-05-13 15:34:06+08:00
588360,科创创业ETF国泰,1.347,1.3463,-0.05,0.042,3.22,312256.0,40935734.0,1.277,1.349,1.277,1.305,5.52,14.07,1.35,-13.73,197606.0,114650.0,1391398.0,3.4,861866.0,2.11,529532.0,1.29,-597407.0,-1.46,-793991.0,-1.94,-793.0,1.347,1.348,221881800.0,298874785,298874785,2026-05-13,2026-05-13 16:11:39+08:00
159814,创业大盘ETF西部利得,0.834,0.8327,-0.16,0.026,3.22,326416.0,26643686.9,0.801,0.834,0.799,0.808,4.33,6.58,0.6,-20.63,179126.0,147290.0,-2906366.0,-10.91,-2022904.0,-7.59,-883462.0,-3.32,1344285.0,5.05,1562081.0,5.86,3344.0,0.833,0.834,496246528.0,413869604,413869604,2026-05-13,2026-05-13 15:34:18+08:00
515000,科技ETF华宝,1.324,1.323,-0.08,0.041,3.2,1020651.0,131776010.0,1.263,1.324,1.257,1.283,5.22,4.02,0.9,3.74,454120.0,566531.0,26002441.0,19.73,37590320.0,28.53,-11587879.0,-8.79,-14188704.0,-10.77,-11813737.0,-8.97,670.0,1.323,1.324,2536579296.0,3358430988,3358430988,2026-05-13,2026-05-13 16:11:47+08:00
588790,科创AIETF博时,1.003,1.0032,0.02,0.031,3.19,3995766.0,390611502.0,0.956,1.003,0.951,0.972,5.35,10.65,0.76,-44.64,2336956.0,1658810.0,60400247.0,15.46,58021955.0,14.85,2378292.0,0.61,-38615516.0,-9.89,-21784732.0,-5.58,350.0,1.002,1.003,3751384000.0,3762638152,3762638152,2026-05-13,2026-05-13 16:11:38+08:00
589380,科创AIETF富国,1.777,1.7803,0.19,0.055,3.19,71809.0,12480514.0,1.714,1.778,1.69,1.722,5.11,6.67,0.77,-3.3,39898.0,31911.0,1358706.0,10.89,2681388.0,21.48,-1322682.0,-10.6,-64606.0,-0.52,-1294099.0,-10.37,-15.0,1.778,1.779,107694300.0,191372771,191372771,2026-05-13,2026-05-13 16:11:42+08:00
589560,科创人工智能ETF汇添富,1.202,1.2039,0.16,0.037,3.18,220686.0,26025117.0,1.159,1.203,1.141,1.165,5.32,7.4,0.79,-26.38,131674.0,89012.0,5685009.0,21.84,11021957.0,42.35,-5336948.0,-20.51,-3489461.0,-13.41,-2195548.0,-8.44,-43.0,1.201,1.203,298355008.0,358622720,358622720,2026-05-13,2026-05-13 16:11:38+08:00
588730,科创人工智能ETF易方达,1.853,1.8552,0.12,0.057,3.17,864682.0,156089282.0,1.771,1.854,1.759,1.796,5.29,11.28,0.85,-15.43,506009.0,358673.0,12083171.0,7.74,8178087.0,5.24,3905084.0,2.5,-6578831.0,-4.21,-5504339.0,-3.53,-15.0,1.853,1.854,766396304.0,1420132351,1420132351,2026-05-13,2026-05-13 16:11:56+08:00
589090,科创AIETF鹏华,1.335,1.3375,0.19,0.041,3.17,122259.0,15931693.0,1.269,1.335,1.262,1.294,5.64,6.45,0.87,13.2,88384.0,33875.0,1012531.0,6.36,2006128.0,12.59,-993597.0,-6.24,-132150.0,-0.83,-880381.0,-5.53,3.0,1.334,1.335,189431000.0,252890385,252890385,2026-05-13,2026-05-13 16:11:49+08:00
588300,科创创业50ETF招商,1.275,1.2759,0.07,0.039,3.16,592746.0,73724639.0,1.217,1.276,1.212,1.236,5.18,4.42,1.19,-32.18,333408.0,259338.0,4162127.0,5.65,1616247.0,2.19,2545880.0,3.45,-1584042.0,-2.15,-2578086.0,-3.5,-1.0,1.275,1.276,1342210496.0,1711318382,1711318382,2026-05-13,2026-05-13 16:11:47+08:00
159383,创业板50ETF华泰柏瑞,2.028,2.0265,-0.07,0.062,3.15,7848.0,1562937.5,1.953,2.028,1.948,1.966,4.07,2.3,0.54,32.32,6223.0,1625.0,438497.0,28.06,593041.0,37.94,-154544.0,-9.89,-492625.0,-31.52,54128.0,3.46,-95.0,2.028,2.029,34092486.0,69139562,69139562,2026-05-13,2026-05-13 15:34:27+08:00
589230,科创人工智能ETF南方,1.081,1.0818,0.07,0.033,3.15,514451.0,54281096.0,1.038,1.081,1.025,1.048,5.34,17.23,0.66,-26.5,318804.0,195647.0,8420416.0,15.51,3672634.0,6.77,4747782.0,8.75,-6382875.0,-11.76,-2037542.0,-3.75,1.0,1.079,1.081,298553008.0,322735802,322735802,2026-05-13,2026-05-13 16:11:58+08:00
588760,科创人工智能ETF广发,0.95,0.9501,0.01,0.029,3.15,3613454.0,333854758.0,0.909,0.95,0.901,0.921,5.32,14.36,0.98,-38.57,2070841.0,1542613.0,27458946.0,8.22,23447364.0,7.02,4011582.0,1.2,-17149263.0,-5.14,-10309682.0,-3.09,1000.0,0.949,0.95,2515532000.0,2389755400,2389755400,2026-05-13,2026-05-13 16:11:46+08:00
159583,通信ETF富国,1.912,1.9098,-0.12,0.058,3.13,2717855.0,512000551.5,1.818,1.915,1.818,1.854,5.23,22.12,1.64,-20.05,1753104.0,964751.0,1413649.0,0.28,839603.0,0.16,574046.0,0.11,5628028.0,1.1,-7041676.0,-1.38,14724.0,1.911,1.912,1228592896.0,2349069617,2349069617,2026-05-13,2026-05-13 15:34:27+08:00
159777,创科技ETF国联安,1.386,1.3841,-0.14,0.042,3.13,41869.0,5690330.2,1.344,1.386,1.334,1.344,3.87,13.83,1.35,-26.35,25291.0,16578.0,366291.0,6.44,24385.0,0.43,341906.0,6.01,-78997.0,-1.39,-287295.0,-5.05,33.0,1.385,1.386,30280565.0,41968863,41968863,2026-05-13,2026-05-13 15:34:12+08:00
159373,创业板50ETF嘉实,2.083,2.0841,0.05,0.063,3.12,275388.0,55969357.8,2.005,2.084,2.0,2.02,4.16,19.05,0.97,36.83,113728.0,161660.0,506327.0,0.9,5743280.0,10.26,-5236953.0,-9.36,-554474.0,-0.99,48146.0,0.09,-44.0,2.083,2.084,144557494.0,301113260,301113260,2026-05-13,2026-05-13 15:34:18+08:00
562920,信息安全ETF易方达,1.125,1.1256,0.05,0.034,3.12,86974.0,9616211.0,1.089,1.126,1.064,1.091,5.68,11.14,0.87,13.68,54437.0,32537.0,1287723.0,13.39,-1096027.0,-11.4,2383750.0,24.79,-1283205.0,-13.34,-4519.0,-0.05,814.0,1.125,1.126,78069000.0,87827625,87827625,2026-05-13,2026-05-13 16:11:39+08:00
516920,芯片ETF汇添富,1.455,1.4545,-0.03,0.044,3.12,492739.0,69458535.0,1.372,1.456,1.363,1.411,6.59,10.17,1.05,-5.13,253098.0,239641.0,4538142.0,6.53,1952446.0,2.81,2585696.0,3.72,-3217843.0,-4.63,-1320299.0,-1.9,-169.0,1.455,1.456,484463008.0,704893677,704893677,2026-05-13,2026-05-13 16:11:45+08:00
512480,半导体ETF国联安,2.088,2.0882,0.01,0.063,3.11,9688554.0,1956159779.0,1.979,2.091,1.96,2.025,6.47,9.35,1.02,-14.28,4919900.0,4768654.0,116008944.0,5.93,211199536.0,10.8,-95190592.0,-4.87,-59738016.0,-3.05,-56270939.0,-2.88,414.0,2.087,2.088,10365003520.0,21642127350,21642127350,2026-05-13,2026-05-13 16:12:00+08:00
588780,科创芯片设计ETF国联安,1.18,1.1797,-0.03,0.035,3.06,2787778.0,318148296.0,1.114,1.181,1.107,1.145,6.46,27.23,1.09,4.05,1743708.0,1044070.0,-15646371.0,-4.92,-37550250.0,-11.8,21903879.0,6.88,12658287.0,3.98,2988083.0,0.94,-6.0,1.18,1.181,1023902000.0,1208204360,1208204360,2026-05-13,2026-05-13 16:11:44+08:00
588930,科创人工智能ETF银华,1.957,1.9592,0.11,0.058,3.05,578614.0,110658987.0,1.86,1.957,1.858,1.899,5.21,9.17,0.71,-32.36,339302.0,239312.0,15273237.0,13.8,1581738.0,1.43,13691499.0,12.37,-6116749.0,-5.53,-9156489.0,-8.27,14.0,1.956,1.958,631329008.0,1235510869,1235510869,2026-05-13,2026-05-13 16:11:43+08:00
159682,创业板50ETF景顺,1.89,1.8883,-0.09,0.056,3.05,1816754.0,336440848.494,1.818,1.892,1.815,1.834,4.2,8.01,1.08,26.87,986279.0,830475.0,4324655.0,1.29,-10243648.0,-3.04,14568303.0,4.33,1706503.0,0.51,-6031159.0,-1.79,-3762.0,1.89,1.891,2267307664.0,4285211485,4285211485,2026-05-13,2026-05-13 15:34:36+08:00
159375,创业板50ETF国泰,2.17,2.1738,0.17,0.064,3.04,90540.0,19244767.4,2.091,2.172,2.087,2.106,4.04,9.18,1.33,4.06,25042.0,65498.0,2508992.0,13.04,367261.0,1.91,2141731.0,11.13,-2089062.0,-10.86,-419931.0,-2.18,60.0,2.169,2.17,98638135.0,214044753,214044753,2026-05-13,2026-05-13 15:34:15+08:00
589210,科创芯片设计ETF广发,1.625,1.6247,-0.02,0.048,3.04,76832.0,12065418.0,1.55,1.625,1.52,1.577,6.66,14.64,0.76,23.58,40664.0,36168.0,258770.0,2.14,571555.0,4.74,-312785.0,-2.59,113615.0,0.94,-372384.0,-3.09,12.0,1.624,1.625,52469000.0,85262125,85262125,2026-05-13,2026-05-13 16:11:45+08:00
516350,芯片ETF易方达,1.696,1.6932,-0.17,0.05,3.04,1086239.0,177858992.0,1.6,1.699,1.588,1.646,6.74,9.44,1.06,-21.12,545601.0,540638.0,885298.0,0.5,-6052612.0,-3.4,6937910.0,3.9,-1021276.0,-0.57,135976.0,0.08,-32.0,1.698,1.699,1150415296.0,1951104342,1951104342,2026-05-13,2026-05-13 16:11:56+08:00
159371,创业板50ETF富国,2.037,2.0379,0.04,0.06,3.03,40744.0,8190854.0,1.957,2.041,1.957,1.977,4.25,2.79,1.03,-13.38,17099.0,23645.0,4036423.0,49.28,3322028.0,40.56,714395.0,8.72,-3935873.0,-48.05,-100549.0,-1.23,35.0,2.036,2.037,146221172.0,297852527,297852527,2026-05-13,2026-05-13 15:34:15+08:00
589170,科创芯片设计ETF鹏华,1.291,1.2922,0.09,0.038,3.03,209677.0,26322565.0,1.221,1.292,1.213,1.253,6.3,16.52,1.05,61.8,129075.0,80602.0,4718279.0,17.92,11559933.0,43.92,-6841654.0,-25.99,-3512547.0,-13.34,-1205733.0,-4.58,-90.0,1.291,1.292,126909000.0,163839519,163839519,2026-05-13,2026-05-13 16:11:46+08:00
589030,科创芯片设计ETF易方达,1.365,1.3668,0.13,0.04,3.02,1097111.0,144837504.0,1.294,1.366,1.283,1.325,6.26,34.71,1.22,18.73,515010.0,582101.0,12715598.0,8.78,10570480.0,7.3,2145118.0,1.48,-8847120.0,-6.11,-3868478.0,-2.67,-375.0,1.365,1.366,316077008.0,431445116,431445116,2026-05-13,2026-05-13 16:11:50+08:00
159949,创业板50ETF华安,1.944,1.9453,0.07,0.057,3.02,10171590.0,1947641804.877,1.872,1.95,1.871,1.887,4.19,7.82,1.18,9.19,5455216.0,4716374.0,81971232.0,4.21,64032736.0,3.29,17938496.0,0.92,-56602207.0,-2.91,-25369017.0,-1.3,-83014.0,1.944,1.945,13002785024.0,25277414087,25277414087,2026-05-13,2026-05-13 15:34:24+08:00
159298,创业板50ETF大成,1.439,1.4363,-0.19,0.042,3.01,35321.0,5000990.833,1.383,1.44,1.383,1.397,4.08,2.48,0.86,91.97,20919.0,14402.0,684002.0,13.68,-49573.0,-0.99,733575.0,14.67,-685878.0,-13.71,1875.0,0.04,-96.0,1.439,1.44,142281082.0,204742477,204742477,2026-05-13,2026-05-13 15:34:36+08:00
562820,集成电路ETF嘉实,3.213,3.2132,0.01,0.094,3.01,77716.0,24201323.0,3.068,3.215,3.02,3.119,6.25,12.12,0.95,-37.03,37044.0,40672.0,-39015.0,-0.16,-3142.0,-0.01,-35873.0,-0.15,638964.0,2.64,-599949.0,-2.48,-19.0,3.213,3.215,64136000.0,206068968,206068968,2026-05-13,2026-05-13 16:11:54+08:00
159939,信息技术ETF广发,1.168,1.1687,0.06,0.034,3.0,805182.0,92822225.2,1.113,1.168,1.111,1.134,5.03,7.58,1.71,27.94,246228.0,558954.0,90090.0,0.1,26854598.0,28.93,-26764508.0,-28.83,2482894.0,2.67,-2572984.0,-2.77,-1085.0,1.168,1.169,1061656112.0,1240014339,1240014339,2026-05-13,2026-05-13 15:34:15+08:00
589520,科创人工智能ETF华宝,0.757,0.7585,0.2,0.022,2.99,978647.0,72260123.0,0.723,0.758,0.719,0.735,5.31,11.29,0.93,-18.3,642630.0,336017.0,8791929.0,12.17,9864221.0,13.65,-1072292.0,-1.48,-5537368.0,-7.66,-3254561.0,-4.5,-70.0,0.757,0.758,867104608.0,656398188,656398188,2026-05-13,2026-05-13 16:11:48+08:00
516050,科技龙头ETF工银,1.41,1.4071,-0.21,0.041,2.99,73940.0,10180401.0,1.358,1.412,1.341,1.369,5.19,3.91,0.67,5.98,37627.0,36313.0,1027451.0,10.09,1909055.0,18.75,-881604.0,-8.66,-96109.0,-0.94,-931341.0,-9.15,9.0,1.408,1.41,189228000.0,266811480,266811480,2026-05-13,2026-05-13 16:11:53+08:00
588660,科创创业50ETF兴银,2.071,2.0837,0.61,0.06,2.98,32112.0,6495211.0,1.992,2.076,1.975,2.011,5.02,8.84,1.06,-43.06,15139.0,16973.0,-309848.0,-4.77,-990180.0,-15.24,680332.0,10.47,-61776.0,-0.95,371624.0,5.72,-800.0,2.073,2.074,36344000.0,75268424,75268424,2026-05-13,2026-05-13 16:11:39+08:00
589070,科创芯片设计ETF天弘,1.282,1.2837,0.13,0.037,2.97,913816.0,113129745.0,1.215,1.283,1.203,1.245,6.43,25.43,0.96,21.3,446858.0,466958.0,3455734.0,3.05,9534316.0,8.43,-6078582.0,-5.37,-2069371.0,-1.83,-1386363.0,-1.23,-15.0,1.282,1.283,359293008.0,460613636,460613636,2026-05-13,2026-05-13 16:11:39+08:00
159675,创业板增强ETF嘉实,1.669,1.6713,0.14,0.048,2.96,41379.0,6769085.9,1.597,1.67,1.597,1.621,4.5,7.54,1.78,2.89,21364.0,20015.0,-566217.0,-8.36,0.0,0.0,-566217.0,-8.36,725297.0,10.71,-159080.0,-2.35,-73.0,1.669,1.67,54846691.0,91539127,91539127,2026-05-13,2026-05-13 15:34:27+08:00
589260,科创芯片设计ETF国泰,1.497,1.4979,0.06,0.043,2.96,227497.0,32858739.0,1.424,1.498,1.405,1.454,6.4,31.1,1.13,39.01,119637.0,107860.0,950513.0,2.89,181991.0,0.55,768522.0,2.34,-1118066.0,-3.4,167554.0,0.51,-19.0,1.498,1.499,73156000.0,109514532,109514532,2026-05-13,2026-05-13 16:11:48+08:00
159560,芯片ETF景顺,2.345,2.3472,0.09,0.067,2.94,141306.0,32121624.8,2.215,2.349,2.2,2.278,6.54,8.2,1.04,89.43,83425.0,57881.0,2433098.0,7.57,2561627.0,7.97,-128529.0,-0.4,962005.0,2.99,-3395105.0,-10.57,-499.0,2.345,2.346,172416460.0,404316599,404316599,2026-05-13,2026-05-13 15:34:18+08:00
589190,科创芯片ETF华宝,1.294,1.2959,0.15,0.037,2.94,1048739.0,131426079.0,1.225,1.296,1.217,1.257,6.28,10.37,1.42,16.76,464929.0,583810.0,5265586.0,4.01,4027506.0,3.06,1238080.0,0.94,-6381349.0,-4.86,1115763.0,0.85,3.0,1.293,1.294,1011781008.0,1309244624,1309244624,2026-05-13,2026-05-13 16:11:33+08:00
159991,创业板大盘ETF招商,0.949,0.9489,-0.01,0.027,2.93,39317.0,3655111.322,0.913,0.95,0.91,0.922,4.34,3.94,0.65,-2.08,20535.0,18781.0,1080331.0,29.56,545405.0,14.92,534926.0,14.64,-799638.0,-21.88,-280692.0,-7.68,-106.0,0.949,0.95,99863172.0,94770150,94770150,2026-05-13,2026-05-13 15:34:06+08:00
588810,科创芯片ETF富国,2.53,2.5267,-0.13,0.072,2.93,434365.0,106159990.0,2.393,2.53,2.374,2.458,6.35,15.07,0.87,4.61,252196.0,182169.0,-2564112.0,-2.42,353039.0,0.33,-2917151.0,-2.75,123508.0,0.12,2440604.0,2.3,-30.0,2.53,2.531,288324000.0,729459720,729459720,2026-05-13,2026-05-13 16:11:53+08:00
159537,信创ETF国泰,2.043,2.0436,0.03,0.058,2.92,59986.0,11843663.373,1.936,2.044,1.924,1.985,6.05,10.41,0.79,-10.88,29619.0,30367.0,1845645.0,15.58,1488038.0,12.56,357607.0,3.02,-873110.0,-7.37,-972536.0,-8.21,-430.0,2.043,2.044,57642602.0,117763836,117763836,2026-05-13,2026-05-13 15:34:57+08:00
159540,信创ETF易方达,2.155,2.1534,-0.07,0.061,2.91,130255.0,27221440.4,2.048,2.157,1.99,2.094,7.98,12.23,0.67,-24.59,62949.0,67306.0,1172624.0,4.31,1414330.0,5.2,-241706.0,-0.89,-810581.0,-2.98,-362044.0,-1.33,-1205.0,2.155,2.156,106505191.0,229518687,229518687,2026-05-13,2026-05-13 15:34:45+08:00
159599,芯片ETF东财,2.899,2.9031,0.14,0.082,2.91,649101.0,182004574.2,2.732,2.908,2.72,2.817,6.67,13.36,1.01,-7.1,327539.0,321562.0,-9281332.0,-5.1,-15697484.0,-8.62,6416152.0,3.53,1860605.0,1.02,7420727.0,4.08,-3382.0,2.899,2.9,485822064.0,1408398164,1408398164,2026-05-13,2026-05-13 15:34:15+08:00
159681,创业板50ETF鹏华,1.91,1.9104,0.02,0.054,2.91,1020011.0,191200706.176,1.841,1.911,1.835,1.856,4.09,12.53,1.37,-41.04,609713.0,410298.0,9990176.0,5.22,29068465.0,15.2,-19078289.0,-9.98,-6428954.0,-3.36,-3561220.0,-1.86,808.0,1.909,1.91,813772336.0,1554305162,1554305162,2026-05-13,2026-05-13 15:34:39+08:00
159367,创业板50ETF华夏,2.049,2.0484,-0.03,0.058,2.91,33571.0,6749802.8,1.968,2.051,1.962,1.991,4.47,4.09,0.94,89.66,19174.0,14397.0,783868.0,11.61,537487.0,7.96,246381.0,3.65,-508774.0,-7.54,-275094.0,-4.08,275.0,2.048,2.049,82079029.0,168179930,168179930,2026-05-13,2026-05-13 15:34:09+08:00
159539,信创ETF广发,2.024,2.0261,0.1,0.057,2.9,70612.0,13969693.1,1.941,2.025,1.892,1.967,6.76,13.96,1.19,-73.99,21082.0,49530.0,-27988.0,-0.2,-2919766.0,-20.9,2891778.0,20.7,-104076.0,-0.75,132065.0,0.95,53.0,2.023,2.024,50565182.0,102343928,102343928,2026-05-13,2026-05-13 15:34:36+08:00
159566,储能电池ETF易方达,2.459,2.4516,-0.3,0.069,2.89,2576596.0,625406798.66,2.386,2.46,2.375,2.39,3.56,8.14,0.96,22.78,1363812.0,1212784.0,28455452.0,4.55,36737716.0,5.87,-8282264.0,-1.32,-8822922.0,-1.41,-19632531.0,-3.14,-9836.0,2.459,2.46,3164739776.0,7782095109,7782095109,2026-05-13,2026-05-13 15:34:00+08:00
159709,物联网ETF工银,1.855,1.8575,0.13,0.052,2.88,4550.0,826805.1,1.803,1.856,1.78,1.803,4.22,1.86,0.49,65.3,1925.0,2625.0,222361.0,26.89,140366.0,16.98,81995.0,9.92,-2948.0,-0.36,-219415.0,-26.54,3.0,1.852,1.855,24484060.0,45417931,45417931,2026-05-13,2026-05-13 15:34:45+08:00
159909,TMT50ETF招商,1.43,1.4323,0.16,0.04,2.88,46553.0,6547041.54,1.367,1.432,1.363,1.39,4.96,0.99,1.12,10.2,23312.0,23241.0,-264934.0,-4.05,-432941.0,-6.61,168007.0,2.57,391345.0,5.98,-126410.0,-1.93,-11.0,1.43,1.431,469062000.0,670758660,670758660,2026-05-13,2026-05-13 15:34:24+08:00
588890,科创芯片ETF南方,4.018,4.0143,-0.09,0.112,2.87,400085.0,155118823.0,3.82,4.02,3.778,3.906,6.2,5.68,0.57,-39.97,200087.0,199998.0,960828.0,0.62,4399365.0,2.84,-3438537.0,-2.22,-1836828.0,-1.18,876000.0,0.56,-110.0,4.019,4.02,704810000.0,2831926580,2831926580,2026-05-13,2026-05-13 16:12:00+08:00
588200,科创芯片ETF嘉实,3.566,3.5654,-0.02,0.099,2.86,14139065.0,4891274203.0,3.374,3.569,3.351,3.467,6.29,10.1,0.98,24.46,6770710.0,7368355.0,-130955296.0,-2.68,-201778976.0,-4.13,70823680.0,1.45,74680272.0,1.53,56275024.0,1.15,-4966.0,3.567,3.568,13995894784.0,49909360800,49909360800,2026-05-13,2026-05-13 16:11:42+08:00
159370,创50ETF工银,2.156,2.1561,0.0,0.06,2.86,5405.0,1136310.3,2.096,2.16,2.07,2.096,4.29,0.63,0.57,-9.8,3308.0,2097.0,104282.0,9.18,198905.0,17.5,-94623.0,-8.33,-188599.0,-16.6,84317.0,7.42,47.0,2.155,2.156,86316009.0,186097315,186097315,2026-05-13,2026-05-13 15:34:12+08:00
159369,创业板50ETF易方达,1.66,1.6571,-0.18,0.046,2.85,112130.0,18248536.478,1.592,1.663,1.59,1.614,4.52,4.4,1.16,3.06,70081.0,42049.0,-2804839.0,-15.37,2913379.0,15.97,-5718218.0,-31.34,2375316.0,13.02,429523.0,2.35,273.0,1.659,1.66,254753492.0,422890797,422890797,2026-05-13,2026-05-13 15:34:12+08:00
588460,科创50增强ETF鹏华,2.135,2.1348,-0.01,0.059,2.84,502716.0,104382190.0,2.032,2.135,2.021,2.076,5.49,7.21,0.78,-19.54,273682.0,229034.0,11883277.0,11.38,8873569.0,8.5,3009708.0,2.88,-11448544.0,-10.97,-434734.0,-0.42,23.0,2.132,2.135,697514000.0,1489192390,1489192390,2026-05-13,2026-05-13 16:11:51+08:00
517850,张江ETF汇添富,1.375,1.3768,0.13,0.038,2.84,15044.0,2020179.0,1.33,1.375,1.301,1.337,5.53,3.94,1.34,16.2,10035.0,5009.0,110607.0,5.48,0.0,0.0,110607.0,5.48,13836.0,0.68,-124443.0,-6.16,20.0,1.373,1.375,38185200.0,52504650,52504650,2026-05-13,2026-05-13 16:11:42+08:00
589250,科创芯片设计ETF浦银,1.492,1.4942,0.15,0.041,2.83,117837.0,17100696.0,1.403,1.492,1.403,1.451,6.13,17.56,0.47,10.65,71908.0,45929.0,2321130.0,13.57,1318683.0,7.71,1002447.0,5.86,-2070487.0,-12.11,-250644.0,-1.47,7.0,1.491,1.492,67101300.0,100115140,100115140,2026-05-13,2026-05-13 16:11:36+08:00
159807,科技ETF易方达,0.946,0.943,-0.32,0.026,2.83,1095626.0,101555803.358,0.91,0.946,0.903,0.92,4.67,12.23,1.31,32.64,592930.0,502696.0,-2810968.0,-2.77,934306.0,0.92,-3745274.0,-3.69,1891791.0,1.86,919176.0,0.91,-5059.0,0.946,0.947,896051424.0,847664647,847664647,2026-05-13,2026-05-13 15:34:33+08:00
159305,储能电池ETF广发,2.178,2.1741,-0.18,0.06,2.83,416648.0,89838963.5,2.117,2.183,2.106,2.118,3.64,9.14,0.81,23.96,251948.0,164700.0,-2050103.0,-2.28,-4762264.0,-5.3,2712161.0,3.02,-2955247.0,-3.29,5005351.0,5.57,3269.0,2.177,2.178,455820144.0,992776274,992776274,2026-05-13,2026-05-13 15:34:51+08:00
516640,芯片ETF富国,1.497,1.4982,0.08,0.041,2.82,1309875.0,189325098.0,1.41,1.5,1.404,1.456,6.59,12.99,1.04,-0.85,576937.0,732938.0,7345783.0,3.88,8600418.0,4.54,-1254635.0,-0.66,-11191489.0,-5.91,3845706.0,2.03,-59.0,1.496,1.497,1008482800.0,1509698752,1509698752,2026-05-13,2026-05-13 16:11:36+08:00
159310,芯片ETF天弘,2.92,2.9226,0.09,0.08,2.82,99830.0,28214796.0,2.762,2.928,2.742,2.84,6.55,2.2,0.87,-71.51,50531.0,49299.0,568622.0,2.02,-1680000.0,-5.95,2248622.0,7.97,-474410.0,-1.68,-94212.0,-0.33,2351.0,2.919,2.92,453981088.0,1325624777,1325624777,2026-05-13,2026-05-13 15:34:54+08:00
588550,科创综指增强ETF易方达,1.497,1.4965,-0.03,0.041,2.82,54098.0,7904125.0,1.437,1.5,1.43,1.456,4.81,8.55,2.27,-2.31,21409.0,32689.0,1331670.0,16.85,-1197891.0,-15.16,2529561.0,32.0,-1082761.0,-13.7,-248908.0,-3.15,412.0,1.49,1.498,63290000.0,94745130,94745130,2026-05-13,2026-05-13 16:12:02+08:00
588870,科创50ETF汇添富,1.797,1.7981,0.06,0.049,2.8,342083.0,59882962.0,1.705,1.798,1.703,1.748,5.43,13.6,0.93,-38.96,200783.0,141300.0,3231161.0,5.4,1863181.0,3.11,1367980.0,2.28,-1816383.0,-3.03,-1414778.0,-2.36,-13.0,1.797,1.798,251552000.0,452038944,452038944,2026-05-13,2026-05-13 16:11:41+08:00
588290,科创芯片ETF华安,3.487,3.4895,0.07,0.095,2.8,1050005.0,355058559.0,3.29,3.49,3.281,3.392,6.16,7.95,0.66,53.3,541418.0,508587.0,15079037.0,4.25,7029839.0,1.98,8049198.0,2.27,-17607896.0,-4.96,2528858.0,0.71,-1.0,3.489,3.49,1321397008.0,4607711367,4607711367,2026-05-13,2026-05-13 16:11:42+08:00
589550,科创价值ETF华夏,1.395,1.3828,-0.88,0.038,2.8,113302.0,15505050.0,1.356,1.395,1.332,1.357,4.64,40.04,6.58,53.55,60701.0,52601.0,871314.0,5.62,1478057.0,9.53,-606743.0,-3.91,-249126.0,-1.61,-622188.0,-4.01,39.0,1.389,1.395,28295500.0,39472223,39472223,2026-05-13,2026-05-13 16:11:52+08:00
159538,信创ETF富国,2.054,2.0569,0.14,0.056,2.8,86528.0,17147846.996,1.938,2.057,1.938,1.998,5.96,16.54,1.21,-11.66,36003.0,50525.0,46223.0,0.27,-350824.0,-2.05,397047.0,2.32,295695.0,1.72,-341918.0,-1.99,-856.0,2.054,2.055,52304483.0,107433408,107433408,2026-05-13,2026-05-13 15:34:33+08:00
588950,科创50ETF景顺,1.84,1.8366,-0.19,0.05,2.79,212010.0,38182263.0,1.748,1.842,1.741,1.79,5.64,11.23,1.38,21.18,108354.0,103656.0,-11829682.0,-30.98,-14950898.0,-39.16,3121216.0,8.17,8156566.0,21.36,3673116.0,9.62,-169.0,1.841,1.842,188729700.0,347262648,347262648,2026-05-13,2026-05-13 16:11:37+08:00
589100,科创芯片ETF国泰,2.285,2.2847,-0.01,0.062,2.79,270784.0,59915434.0,2.167,2.288,2.151,2.223,6.16,8.6,0.98,30.74,147424.0,123360.0,-1366341.0,-2.28,-561736.0,-0.94,-804605.0,-1.34,219723.0,0.37,1146617.0,1.91,-23.0,2.285,2.287,314777008.0,719265463,719265463,2026-05-13,2026-05-13 16:11:37+08:00
588040,科创50ETF鹏华,1.805,1.8077,0.15,0.049,2.79,64986.0,11416267.0,1.751,1.806,1.711,1.756,5.41,10.85,0.68,-22.01,34469.0,30517.0,-297153.0,-2.6,79380.0,0.7,-376533.0,-3.3,-253768.0,-2.22,550922.0,4.83,-26.0,1.805,1.806,59889000.0,108099645,108099645,2026-05-13,2026-05-13 16:11:57+08:00
159810,创业板ETF浦银,1.626,1.6277,0.1,0.044,2.78,23407.0,3742800.1,1.582,1.626,1.569,1.582,3.6,4.22,1.32,50.07,12775.0,10632.0,-20860.0,-0.56,-594099.0,-15.87,573239.0,15.32,-138420.0,-3.7,159282.0,4.26,9.0,1.623,1.626,55475458.0,90203095,90203095,2026-05-13,2026-05-13 15:34:27+08:00
159728,在线消费ETF南方,0.965,0.964,-0.1,0.026,2.77,114618.0,10882954.7,0.935,0.965,0.935,0.939,3.19,27.35,1.18,38.17,66564.0,48054.0,-193669.0,-1.78,0.0,0.0,-193669.0,-1.78,407699.0,3.75,-214029.0,-1.97,52.0,0.964,0.965,41910129.0,40443274,40443274,2026-05-13,2026-05-13 15:34:09+08:00
159971,创业板ETF富国,1.41,1.4088,-0.09,0.038,2.77,336122.0,46325956.6,1.365,1.41,1.356,1.372,3.94,2.03,0.9,35.14,174183.0,161939.0,1157566.0,2.5,5307678.0,11.46,-4150112.0,-8.96,-423346.0,-0.91,-734222.0,-1.58,2240.0,1.409,1.41,1654020288.0,2332168606,2332168606,2026-05-13,2026-05-13 15:34:24+08:00
588720,科创50ETF中银,1.78,1.7797,-0.02,0.048,2.77,39899.0,6902641.0,1.72,1.781,1.688,1.732,5.37,4.0,0.62,50.77,30027.0,9872.0,103951.0,1.51,1340315.0,19.42,-1236364.0,-17.91,203520.0,2.95,-307472.0,-4.45,17.0,1.778,1.781,99741800.0,177540404,177540404,2026-05-13,2026-05-13 16:11:54+08:00
159813,半导体ETF鹏华,1.526,1.5263,0.02,0.041,2.76,3101267.0,458558182.902,1.445,1.529,1.434,1.485,6.4,8.23,0.88,-69.86,1682357.0,1418910.0,47684617.0,10.4,28168827.0,6.14,19515790.0,4.26,-34122297.0,-7.44,-13562320.0,-2.96,19854.0,1.525,1.526,3767862416.0,5749758047,5749758047,2026-05-13,2026-05-13 15:34:30+08:00
159957,创业板ETF华夏,2.655,2.6573,0.09,0.071,2.75,1008368.0,261162986.6,2.565,2.658,2.559,2.584,3.83,13.78,1.9,-32.85,549842.0,458526.0,2188561.0,0.84,-12704694.0,-4.86,14893255.0,5.7,831646.0,0.32,-3020207.0,-1.16,1772.0,2.654,2.655,731784560.0,1942888007,1942888007,2026-05-13,2026-05-13 15:34:45+08:00
588060,科创50ETF广发,1.126,1.1256,-0.04,0.03,2.74,4408987.0,484074799.0,1.074,1.126,1.066,1.096,5.47,6.38,1.27,-35.37,2004663.0,2404324.0,20775312.0,4.29,50951646.0,10.53,-30176334.0,-6.23,-15671699.0,-3.24,-5103614.0,-1.05,577.0,1.125,1.126,6907140096.0,7777439748,7777439748,2026-05-13,2026-05-13 16:12:00+08:00
561380,电网设备ETF国泰,2.363,2.3584,-0.2,0.063,2.74,1436335.0,336854655.0,2.297,2.366,2.285,2.3,3.52,4.44,1.17,-15.76,692765.0,743570.0,-31012554.0,-9.21,-22033471.0,-6.54,-8979083.0,-2.67,3213762.0,0.95,27798792.0,8.25,-227.0,2.362,2.364,3238413600.0,7652371337,7652371337,2026-05-13,2026-05-13 16:12:00+08:00
159546,集成电路ETF国泰,2.586,2.5903,0.17,0.069,2.74,189741.0,47409677.4,2.45,2.587,2.411,2.517,6.99,14.45,0.83,-30.83,99240.0,90501.0,1280158.0,2.7,658498.0,1.39,621660.0,1.31,-418746.0,-0.88,-861413.0,-1.82,-677.0,2.586,2.587,131309274.0,339565783,339565783,2026-05-13,2026-05-13 15:34:39+08:00
159770,机器人ETF天弘,1.2,1.197,-0.25,0.032,2.74,4482213.0,529478483.352,1.159,1.2,1.159,1.168,3.51,6.46,1.26,-70.69,2794912.0,1687301.0,98048392.0,18.52,119375821.0,22.55,-21327429.0,-4.03,-53395882.0,-10.08,-44652513.0,-8.43,47898.0,1.199,1.2,6935587840.0,8322705408,8322705408,2026-05-13,2026-05-13 15:34:57+08:00
159915,创业板ETF易方达,4.048,4.0466,-0.03,0.108,2.74,12150099.0,4827427703.022,3.91,4.054,3.904,3.94,3.81,10.07,0.95,29.64,6690054.0,5460045.0,29538032.0,0.61,-119425072.0,-2.47,148963104.0,3.09,12277696.0,0.25,-41815728.0,-0.87,83997.0,4.047,4.048,12067454976.0,48849057743,48849057743,2026-05-13,2026-05-13 15:34:24+08:00
512760,芯片ETF国泰,1.127,1.1273,0.03,0.03,2.73,5506078.0,601649135.0,1.07,1.13,1.059,1.097,6.47,5.71,1.06,-60.42,2709457.0,2796621.0,27116962.0,4.51,55869304.0,9.29,-28752342.0,-4.78,-18500526.0,-3.07,-8616436.0,-1.43,441.0,1.127,1.128,9644445440.0,10869290011,10869290011,2026-05-13,2026-05-13 16:12:00+08:00
159977,创业板ETF天弘,2.106,2.1051,-0.04,0.056,2.73,1058765.0,218512430.358,2.033,2.108,2.029,2.05,3.85,3.11,1.22,-14.3,544974.0,513791.0,-4008307.0,-1.83,-768067.0,-0.35,-3240240.0,-1.48,5881975.0,2.69,-1873668.0,-0.86,-457.0,2.106,2.107,3405872816.0,7172768150,7172768150,2026-05-13,2026-05-13 15:34:39+08:00
589850,科创50ETF东财,1.699,1.6974,-0.09,0.045,2.72,519774.0,85713141.0,1.621,1.7,1.608,1.654,5.56,17.26,1.09,6.74,286912.0,232862.0,-2880172.0,-3.36,-10202329.0,-11.9,7322157.0,8.54,3715862.0,4.34,-835691.0,-0.97,-3.0,1.699,1.7,301057008.0,511495857,511495857,2026-05-13,2026-05-13 16:11:57+08:00
516330,物联网ETF华泰柏瑞,1.772,1.7668,-0.29,0.047,2.72,6370.0,1108919.0,1.708,1.772,1.684,1.725,5.1,10.49,1.26,-7.36,3810.0,2560.0,-18638.0,-1.68,0.0,0.0,-18638.0,-1.68,57005.0,5.14,-38367.0,-3.46,25.0,1.766,1.772,6071300.0,10758344,10758344,2026-05-13,2026-05-13 16:11:52+08:00
159613,信息安全ETF嘉实,1.06,1.0622,0.21,0.028,2.71,89674.0,9379844.1,1.025,1.062,1.02,1.032,4.07,12.89,1.35,24.4,54943.0,34731.0,1000705.0,10.67,1816768.0,19.37,-816063.0,-8.7,-306842.0,-3.27,-693864.0,-7.4,-314.0,1.06,1.061,69590217.0,73765630,73765630,2026-05-13,2026-05-13 15:34:42+08:00
159372,创业板50ETF万家,2.166,2.1713,0.24,0.057,2.7,11458.0,2436680.417,2.102,2.175,2.088,2.109,4.13,1.67,0.75,9.13,8568.0,2890.0,-525382.0,-21.56,-970476.0,-39.83,445094.0,18.27,-202602.0,-8.31,727984.0,29.88,-100.0,2.166,2.172,68451588.0,148266140,148266140,2026-05-13,2026-05-13 15:34:09+08:00
588920,科创芯片ETF鹏华,2.282,2.2809,-0.05,0.06,2.7,228600.0,50589017.0,2.159,2.286,2.14,2.222,6.57,16.82,0.96,-30.06,107594.0,121006.0,-934356.0,-1.85,3587626.0,7.09,-4521982.0,-8.94,-939717.0,-1.86,1874073.0,3.7,-1.0,2.283,2.286,135938000.0,310210516,310210516,2026-05-13,2026-05-13 16:11:36+08:00
159821,创业板ETF中银证券,1.52,1.5192,-0.05,0.04,2.7,11401.0,1706238.8,1.48,1.52,1.465,1.48,3.72,1.96,0.6,-76.5,5012.0,6389.0,395410.0,23.17,579395.0,33.96,-183985.0,-10.78,-295978.0,-17.35,-99432.0,-5.83,126.0,1.515,1.52,58120000.0,88342400,88342400,2026-05-13,2026-05-13 15:34:42+08:00
159205,创业板ETF东财,1.977,1.977,0.0,0.052,2.7,222226.0,43142137.387,1.914,1.981,1.9,1.925,4.21,7.48,0.81,66.29,126189.0,96037.0,-182202.0,-0.42,851849.0,1.97,-1034051.0,-2.4,-232295.0,-0.54,414496.0,0.96,-1048.0,1.977,1.978,297056064.0,587279839,587279839,2026-05-13,2026-05-13 15:34:12+08:00
588000,科创50ETF华夏,1.865,1.865,0.0,0.049,2.7,34174507.0,6212086909.0,1.78,1.866,1.767,1.816,5.45,8.76,1.06,-33.07,17619391.0,16555116.0,422230208.0,6.8,255700624.0,4.12,166529584.0,2.68,-198366448.0,-3.19,-223863760.0,-3.6,73.0,1.864,1.865,38990668288.0,72717596357,72717596357,2026-05-13,2026-05-13 16:11:56+08:00
589130,科创芯片ETF易方达,1.411,1.4116,0.04,0.037,2.69,1261174.0,171862807.0,1.335,1.412,1.322,1.374,6.55,5.32,0.8,30.32,707556.0,553618.0,-14737975.0,-8.58,-31415597.0,-18.28,16677622.0,9.7,8486071.0,4.94,6251905.0,3.64,-38.0,1.411,1.412,2369780000.0,3343759580,3343759580,2026-05-13,2026-05-13 16:11:43+08:00
588180,科创50ETF国联安,1.145,1.1461,0.1,0.03,2.69,327983.0,36880537.0,1.092,1.147,1.086,1.115,5.47,2.75,0.69,-62.38,216227.0,111756.0,8268577.0,22.42,14661777.0,39.75,-6393200.0,-17.33,-4544807.0,-12.32,-3723770.0,-10.1,-46.0,1.145,1.146,1193353696.0,1366389982,1366389982,2026-05-13,2026-05-13 16:11:53+08:00
588750,科创芯片ETF汇添富,2.374,2.3739,0.0,0.062,2.68,1469609.0,339127188.0,2.239,2.376,2.234,2.312,6.14,5.84,0.93,-22.72,777118.0,692491.0,5788685.0,1.71,7162858.0,2.11,-1374173.0,-0.41,-12781886.0,-3.77,6993202.0,2.06,-218.0,2.374,2.375,2518228000.0,5978273272,5978273272,2026-05-13,2026-05-13 16:11:58+08:00
588080,科创50ETF易方达,1.808,1.8083,0.02,0.047,2.67,8852841.0,1559442359.0,1.726,1.81,1.713,1.761,5.51,3.98,0.85,-19.96,4849731.0,4003109.0,122616096.0,7.86,123966112.0,7.95,-1350016.0,-0.09,-76139441.0,-4.88,-46476654.0,-2.98,-211.0,1.808,1.809,22255628032.0,40238175482,40238175482,2026-05-13,2026-05-13 16:11:48+08:00
588050,科创50ETF工银,1.816,1.8169,0.05,0.047,2.66,3033975.0,538152809.0,1.727,1.817,1.72,1.769,5.48,5.39,1.09,-24.53,1444296.0,1589679.0,28385465.0,5.27,57580033.0,10.7,-29194568.0,-5.42,-11657839.0,-2.17,-16727624.0,-3.11,156.0,1.814,1.815,5633241344.0,10229966281,10229966281,2026-05-13,2026-05-13 16:11:43+08:00
588990,科创芯片ETF博时,3.705,3.7061,0.03,0.096,2.66,256840.0,92074568.0,3.519,3.709,3.486,3.609,6.18,15.13,0.87,-62.14,107816.0,149024.0,2136724.0,2.32,7247809.0,7.87,-5111085.0,-5.55,-3831803.0,-4.16,1695079.0,1.84,-28.0,3.706,3.708,169745400.0,628906707,628906707,2026-05-13,2026-05-13 16:11:42+08:00
588090,科创50ETF华泰柏瑞,1.82,1.8208,0.04,0.047,2.65,2025298.0,358625992.0,1.742,1.822,1.725,1.773,5.47,8.05,0.94,-42.09,1215410.0,809888.0,21452683.0,5.98,15175578.0,4.23,6277105.0,1.75,-12158876.0,-3.39,-9293808.0,-2.59,18.0,1.819,1.82,2517072800.0,4581072496,4581072496,2026-05-13,2026-05-13 16:11:45+08:00
588500,科创100增强ETF易方达,2.723,2.7152,-0.29,0.07,2.64,39523.0,10516952.0,2.629,2.723,2.601,2.653,4.6,9.27,1.82,-8.97,17576.0,21947.0,445636.0,4.24,834671.0,7.94,-389035.0,-3.7,-395757.0,-3.76,-49880.0,-0.47,4.0,2.723,2.725,42647000.0,116127781,116127781,2026-05-13,2026-05-13 16:11:35+08:00
589160,科创芯片ETF广发,1.283,1.2836,0.05,0.033,2.64,310470.0,38661993.0,1.21,1.285,1.207,1.25,6.24,14.22,0.8,-14.49,166696.0,143774.0,3721025.0,9.62,4949439.0,12.8,-1228414.0,-3.18,-2571782.0,-6.65,-1149244.0,-2.97,-32.0,1.283,1.284,218296000.0,280073768,280073768,2026-05-13,2026-05-13 16:12:00+08:00
159948,创业板ETF南方,4.468,4.4696,0.04,0.115,2.64,172390.0,75653000.281,4.31,4.48,4.31,4.353,3.91,1.62,1.29,40.84,88470.0,83920.0,6024015.0,7.96,3242885.0,4.29,2781130.0,3.68,-5363415.0,-7.09,-660600.0,-0.87,-238.0,4.468,4.47,1065697728.0,4761537449,4761537449,2026-05-13,2026-05-13 15:34:18+08:00
159952,创业板ETF广发,2.455,2.4568,0.07,0.063,2.63,2154302.0,520215127.9,2.371,2.46,2.368,2.392,3.85,4.82,1.22,13.78,1100264.0,1054038.0,-27659684.0,-5.32,11898784.0,2.29,-39558468.0,-7.6,20375674.0,3.92,7284013.0,1.4,-17925.0,2.455,2.456,4470484992.0,10975040655,10975040655,2026-05-13,2026-05-13 15:34:21+08:00
588150,科创50ETF南方,1.248,1.2479,-0.01,0.032,2.63,403868.0,49009959.0,1.2,1.249,1.182,1.216,5.51,10.24,0.61,-23.32,245938.0,157930.0,1406292.0,2.87,-107128.0,-0.22,1513420.0,3.09,-1118596.0,-2.28,-287695.0,-0.59,-359.0,1.249,1.25,394432608.0,492251895,492251895,2026-05-13,2026-05-13 16:11:44+08:00
159247,创业板ETF汇添富,1.212,1.2137,0.14,0.031,2.62,210634.0,25095810.631,1.167,1.216,1.167,1.181,4.15,11.57,1.26,-34.1,111215.0,99419.0,-1074172.0,-4.28,-74206.0,-0.3,-999966.0,-3.98,429166.0,1.71,645006.0,2.57,1607.0,1.211,1.212,181984966.0,220565779,220565779,2026-05-13,2026-05-13 15:34:45+08:00
159325,半导体ETF南方,2.087,2.0878,0.04,0.053,2.61,533419.0,107622490.0,1.964,2.09,1.961,2.034,6.34,24.2,0.88,24.71,270465.0,262954.0,-3008253.0,-2.8,-5870521.0,-5.45,2862268.0,2.66,3341557.0,3.1,-333303.0,-0.31,-3799.0,2.087,2.088,220460528.0,460101122,460101122,2026-05-13,2026-05-13 15:34:00+08:00
159256,创业板软件ETF华夏,1.06,1.0594,-0.06,0.027,2.61,1001677.0,104180846.5,1.022,1.061,1.021,1.033,3.87,22.96,1.07,-37.55,510934.0,490743.0,2967487.0,2.85,-1667401.0,-1.6,4634888.0,4.45,-602746.0,-0.58,-2364741.0,-2.27,4168.0,1.059,1.06,436183760.0,462354786,462354786,2026-05-13,2026-05-13 15:34:03+08:00
159964,创业板ETF平安,2.634,2.6356,0.06,0.067,2.61,30107.0,7849327.6,2.563,2.638,2.539,2.567,3.86,1.54,2.3,11.66,12863.0,17244.0,2787638.0,35.51,4121634.0,52.51,-1333996.0,-17.0,157310.0,2.0,-2944949.0,-37.52,113.0,2.623,2.633,195481881.0,514899275,514899275,2026-05-13,2026-05-13 15:34:27+08:00
159801,芯片ETF广发,1.182,1.1833,0.11,0.03,2.6,2467516.0,282230145.574,1.12,1.185,1.11,1.152,6.51,6.32,0.93,-21.85,1239577.0,1227939.0,7581479.0,2.69,25272213.0,8.95,-17690734.0,-6.27,-7870935.0,-2.79,289457.0,0.1,-24329.0,1.182,1.183,3902120176.0,4612306048,4612306048,2026-05-13,2026-05-13 15:34:27+08:00
159320,电网设备ETF广发,2.377,2.3725,-0.19,0.06,2.59,599535.0,141580919.197,2.318,2.382,2.299,2.317,3.58,11.49,1.05,-5.38,310437.0,289098.0,-20125480.0,-14.21,-11921548.0,-8.42,-8203932.0,-5.79,7246797.0,5.12,12878683.0,9.1,-10445.0,2.377,2.378,521745168.0,1240188264,1240188264,2026-05-13,2026-05-13 15:34:18+08:00
562960,绿色电力ETF易方达,1.309,1.3013,-0.59,0.033,2.59,941558.0,123173485.0,1.279,1.319,1.278,1.276,3.21,10.3,1.33,42.66,535526.0,406032.0,-24491411.0,-19.88,-13293960.0,-10.79,-11197451.0,-9.09,12218730.0,9.92,12272682.0,9.96,198.0,1.309,1.31,914391008.0,1196937829,1196937829,2026-05-13,2026-05-13 16:11:40+08:00
159908,创业板ETF博时,3.756,3.7627,0.18,0.094,2.57,112214.0,41211491.3,3.64,3.763,3.625,3.662,3.77,3.73,0.8,2.57,70724.0,41490.0,773787.0,1.88,-4021052.0,-9.76,4794839.0,11.63,298276.0,0.72,-1072064.0,-2.6,133.0,3.755,3.756,301229024.0,1131416214,1131416214,2026-05-13,2026-05-13 15:34:21+08:00
515860,科技ETF嘉实,2.033,2.0347,0.08,0.051,2.57,35475.0,7077434.0,1.965,2.034,1.958,1.982,3.83,3.38,0.94,10.86,14952.0,20523.0,1100052.0,15.54,-10411.0,-0.15,1110463.0,15.69,-723144.0,-10.22,-376907.0,-5.33,-139.0,2.034,2.035,104878900.0,213218804,213218804,2026-05-13,2026-05-13 16:11:38+08:00
159773,创业板科技ETF华泰柏瑞,1.474,1.4762,0.15,0.037,2.57,40618.0,5871119.4,1.437,1.476,1.423,1.437,3.69,3.13,1.12,8.9,18495.0,22123.0,386359.0,6.58,1122218.0,19.11,-735859.0,-12.53,-325494.0,-5.54,-60866.0,-1.04,-54.0,1.474,1.475,129903120.0,191477199,191477199,2026-05-13,2026-05-13 15:34:09+08:00
588770,科创信息ETF摩根,1.925,1.9244,-0.03,0.048,2.56,212174.0,40119100.0,1.824,1.925,1.819,1.877,5.65,6.21,0.3,-10.25,150598.0,61576.0,6071602.0,15.13,20362293.0,50.75,-14290691.0,-35.62,-5932153.0,-14.79,-139449.0,-0.35,4.0,1.924,1.925,341597104.0,657574425,657574425,2026-05-13,2026-05-13 16:11:35+08:00
588260,科创信息ETF华安,2.645,2.6468,0.07,0.066,2.56,16096.0,4150935.0,2.542,2.648,2.504,2.579,5.58,3.24,0.63,-7.27,9568.0,6528.0,-487952.0,-11.76,347025.0,8.36,-834977.0,-20.12,702232.0,16.92,-214281.0,-5.16,-4.0,2.644,2.646,49746000.0,131578170,131578170,2026-05-13,2026-05-13 16:11:36+08:00
159665,半导体龙头ETF工银,2.488,2.4903,0.09,0.062,2.56,215667.0,51990454.5,2.35,2.492,2.338,2.426,6.35,12.64,0.9,14.39,110470.0,105197.0,1735866.0,3.34,2093817.0,4.03,-357951.0,-0.69,-1683075.0,-3.24,-52790.0,-0.1,-1306.0,2.488,2.489,170576860.0,424395228,424395228,2026-05-13,2026-05-13 15:34:39+08:00
159778,工业互联网ETF鹏华,1.337,1.3341,-0.22,0.033,2.53,20281.0,2648426.971,1.296,1.338,1.279,1.304,4.52,4.95,1.38,-34.39,11144.0,9137.0,251963.0,9.51,1040679.0,39.29,-788716.0,-29.78,-107953.0,-4.08,-144010.0,-5.44,1.0,1.333,1.336,41005382.0,54824196,54824196,2026-05-13,2026-05-13 15:34:57+08:00
516260,物联网ETF华夏,1.542,1.5434,0.09,0.038,2.53,13012.0,1985129.0,1.48,1.543,1.473,1.504,4.65,2.72,1.23,33.67,6698.0,6314.0,-240493.0,-12.11,0.0,0.0,-240493.0,-12.11,-222981.0,-11.23,463473.0,23.35,-1.0,1.542,1.543,47882600.0,73834969,73834969,2026-05-13,2026-05-13 16:11:56+08:00
159326,电网设备ETF华夏,2.189,2.1857,-0.15,0.054,2.53,9870307.0,2140635100.295,2.121,2.19,2.115,2.135,3.51,6.28,1.09,-49.14,6377918.0,3492390.0,-5851456.0,-0.27,-258206192.0,-12.06,252354736.0,11.79,4867584.0,0.23,983872.0,0.05,-143233.0,2.189,2.19,15725265408.0,34422605978,34422605978,2026-05-13,2026-05-13 15:34:45+08:00
159106,民企300ETF前海开源,1.219,1.2218,0.23,0.03,2.52,33908.0,4090481.745,1.189,1.22,1.189,1.189,2.61,7.78,2.08,7.97,27188.0,6720.0,652542.0,15.95,180615.0,4.42,471927.0,11.54,-595101.0,-14.55,-57441.0,-1.4,-20.0,1.219,1.22,43579488.0,53123396,53123396,2026-05-13,2026-05-13 15:34:03+08:00
516800,智能制造ETF华宝,1.022,1.0231,0.11,0.025,2.51,186480.0,18777768.0,0.992,1.023,0.978,0.997,4.51,8.54,1.21,-14.7,99512.0,86968.0,27795.0,0.15,-1328865.0,-7.08,1356660.0,7.22,254912.0,1.36,-282707.0,-1.51,1.0,1.021,1.022,218308000.0,223110776,223110776,2026-05-13,2026-05-13 16:11:53+08:00
159193,新能源电池ETF银华,1.061,1.0611,0.01,0.026,2.51,455985.0,48015935.794,1.034,1.065,1.03,1.035,3.38,12.39,0.49,-82.14,324908.0,131077.0,10272028.0,21.39,13848377.0,28.84,-3576349.0,-7.45,-7716322.0,-16.07,-2555705.0,-5.32,-506.0,1.061,1.063,368080336.0,390533236,390533236,2026-05-13,2026-05-13 15:34:12+08:00
159291,创业板综增强ETF招商,1.353,1.3545,0.11,0.033,2.5,2176.0,291904.005,1.326,1.353,1.322,1.32,2.35,0.93,0.51,25.94,575.0,1601.0,95290.0,32.64,0.0,0.0,95290.0,32.64,-93264.0,-31.95,-2026.0,-0.69,1.0,1.351,1.353,23457388.0,31737846,31737846,2026-05-13,2026-05-13 15:34:33+08:00
560390,电网设备ETF易方达,1.113,1.11,-0.27,0.027,2.49,1575635.0,173995382.0,1.082,1.115,1.075,1.086,3.68,11.71,1.02,-20.62,957939.0,617696.0,-10509606.0,-6.04,-6086128.0,-3.5,-4423478.0,-2.54,5469106.0,3.14,5040500.0,2.9,-638.0,1.113,1.114,1345258000.0,1497272154,1497272154,2026-05-13,2026-05-13 16:11:56+08:00
159896,物联网ETF南方,1.441,1.4418,0.06,0.035,2.49,26900.0,3771782.9,1.396,1.443,1.384,1.406,4.2,6.72,1.04,12.26,11568.0,15332.0,-15884.0,-0.42,1840366.0,48.79,-1856250.0,-49.21,225470.0,5.98,-209585.0,-5.56,-1.0,1.44,1.442,40055960.0,57720638,57720638,2026-05-13,2026-05-13 15:34:06+08:00
159995,芯片ETF华夏,2.384,2.3873,0.14,0.058,2.49,5917131.0,1364864038.106,2.259,2.391,2.241,2.326,6.45,5.09,0.85,46.96,3193905.0,2723226.0,43219200.0,3.17,156185488.0,11.44,-112966288.0,-8.28,-20654752.0,-1.51,-22564459.0,-1.65,-35697.0,2.384,2.385,11635163136.0,27738228916,27738228916,2026-05-13,2026-05-13 15:34:54+08:00
159836,创业板300ETF天弘,1.486,1.4845,-0.1,0.036,2.48,13355.0,1950481.0,1.43,1.487,1.43,1.45,3.93,1.29,0.88,50.49,9777.0,3578.0,-157674.0,-8.08,806588.0,41.35,-964262.0,-49.44,237121.0,12.16,-79447.0,-4.07,-29.0,1.486,1.488,103747113.0,154168210,154168210,2026-05-13,2026-05-13 15:34:36+08:00
159956,创业板ETF建信,2.56,2.5652,0.2,0.062,2.48,39926.0,9964190.6,2.472,2.566,2.468,2.498,3.92,8.68,1.48,-55.37,18244.0,21682.0,805773.0,8.09,0.0,0.0,805773.0,8.09,-661912.0,-6.64,-143861.0,-1.44,-6.0,2.56,2.563,45978674.0,117705405,117705405,2026-05-13,2026-05-13 15:34:42+08:00
159289,创业板综指ETF鹏华,1.283,1.2848,0.14,0.031,2.48,18118.0,2299140.699,1.237,1.284,1.237,1.252,3.75,4.66,0.85,-97.56,14345.0,3773.0,-147616.0,-6.42,-667318.0,-29.02,519702.0,22.6,150726.0,6.56,-3109.0,-0.14,123.0,1.277,1.283,38902640.0,49912087,49912087,2026-05-13,2026-05-13 15:34:30+08:00
159526,机器人ETF嘉实,1.697,1.6963,-0.04,0.041,2.48,275541.0,46053719.3,1.642,1.699,1.64,1.656,3.56,4.56,0.78,-5.12,150520.0,125021.0,473770.0,1.03,41772.0,0.09,431998.0,0.94,2505044.0,5.44,-2978813.0,-6.47,-1265.0,1.697,1.698,603962960.0,1024925143,1024925143,2026-05-13,2026-05-13 15:34:30+08:00
560450,电力ETF天弘,1.077,1.0711,-0.55,0.026,2.47,655613.0,70359767.0,1.052,1.082,1.051,1.051,2.95,21.35,1.11,-34.93,362791.0,292822.0,-5741228.0,-8.16,-7438430.0,-10.57,1697202.0,2.41,605690.0,0.86,5135539.0,7.3,-505.0,1.077,1.078,307069008.0,330713322,330713322,2026-05-13,2026-05-13 16:12:02+08:00
588100,科创信息ETF嘉实,2.706,2.7062,0.01,0.065,2.46,160534.0,42225028.0,2.575,2.707,2.556,2.641,5.72,21.62,0.84,42.52,83219.0,77315.0,1672852.0,3.96,1208396.0,2.86,464456.0,1.1,-729389.0,-1.73,-943463.0,-2.23,-32.0,2.707,2.708,74248700.0,200916982,200916982,2026-05-13,2026-05-13 16:11:36+08:00
159335,央企科创ETF融通,1.664,1.6687,0.28,0.04,2.46,22231.0,3643621.1,1.62,1.665,1.611,1.624,3.33,3.64,1.48,-29.57,11680.0,10551.0,-415472.0,-11.4,219834.0,6.03,-635306.0,-17.44,631803.0,17.34,-216330.0,-5.94,5.0,1.662,1.666,61083689.0,101643258,101643258,2026-05-13,2026-05-13 15:34:09+08:00
159107,创业板软件ETF富国,0.957,0.9589,0.2,0.023,2.46,720503.0,68076523.7,0.924,0.96,0.921,0.934,4.18,11.93,1.07,-56.38,457621.0,262882.0,7199998.0,10.58,-4588776.0,-6.74,11788774.0,17.32,-4598426.0,-6.75,-2601571.0,-3.82,-2790.0,0.957,0.958,603823008.0,577858619,577858619,2026-05-13,2026-05-13 15:34:06+08:00
560850,信创ETF汇添富,1.626,1.6259,-0.01,0.039,2.46,130405.0,20828496.0,1.567,1.628,1.553,1.587,4.73,14.96,1.52,-22.53,72487.0,57918.0,2743138.0,13.17,4509782.0,21.65,-1766644.0,-8.48,-1959261.0,-9.41,-783878.0,-3.76,99.0,1.626,1.627,87164000.0,141728664,141728664,2026-05-13,2026-05-13 16:11:52+08:00
159625,绿色电力ETF嘉实,1.414,1.4077,-0.45,0.034,2.46,855912.0,120936965.538,1.382,1.423,1.382,1.38,2.97,3.77,1.22,58.46,461310.0,394602.0,-8846190.0,-7.31,13517329.0,11.18,-22363519.0,-18.49,4091549.0,3.38,4754642.0,3.93,-8507.0,1.414,1.415,2273313776.0,3214465679,3214465679,2026-05-13,2026-05-13 15:34:48+08:00
159123,光伏ETF嘉实,1.213,1.2138,0.07,0.029,2.45,106963.0,12831716.147,1.182,1.213,1.178,1.184,2.96,2.2,1.45,-55.31,71238.0,35725.0,881464.0,6.87,1258799.0,9.81,-377335.0,-2.94,-415049.0,-3.23,-466415.0,-3.63,1185.0,1.211,1.213,486047024.0,589575040,589575040,2026-05-13,2026-05-13 15:34:15+08:00
159507,通信ETF广发,3.008,3.006,-0.07,0.072,2.45,163313.0,48243039.9,2.867,3.008,2.867,2.936,4.8,12.01,1.06,58.08,96788.0,66525.0,1130535.0,2.34,4573137.0,9.48,-3442602.0,-7.14,180304.0,0.37,-1310839.0,-2.72,-931.0,3.008,3.009,135943634.0,408918451,408918451,2026-05-13,2026-05-13 15:34:42+08:00
512770,战略新兴ETF华夏,2.801,2.8024,0.05,0.067,2.45,30889.0,8459472.0,2.7,2.81,2.694,2.734,4.24,3.01,1.9,4.11,17793.0,13096.0,-946344.0,-11.19,-1621650.0,-19.17,675306.0,7.98,574530.0,6.79,371814.0,4.4,-1.0,2.801,2.81,102767800.0,287852608,287852608,2026-05-13,2026-05-13 16:11:46+08:00
588840,科创50ETF万家,1.639,1.6412,0.13,0.039,2.44,30691.0,4919477.0,1.586,1.641,1.556,1.6,5.31,8.96,0.71,74.64,18664.0,12027.0,190982.0,3.88,1653927.0,33.62,-1462945.0,-29.74,106534.0,2.17,-297516.0,-6.05,-2.0,1.64,1.642,34236000.0,56112804,56112804,2026-05-13,2026-05-13 16:11:38+08:00
516230,光伏ETF招商,1.048,1.0493,0.12,0.025,2.44,114480.0,11907722.0,1.022,1.049,1.017,1.023,3.13,1.68,0.95,6.51,65580.0,48900.0,824452.0,6.92,1564846.0,13.14,-740394.0,-6.22,-275316.0,-2.31,-549135.0,-4.61,28.0,1.047,1.048,682921008.0,715701216,715701216,2026-05-13,2026-05-13 16:11:54+08:00
560300,电信ETF汇添富,2.533,2.5282,-0.19,0.06,2.43,5566.0,1391299.0,2.466,2.533,2.457,2.473,3.07,2.16,1.17,-5.17,4029.0,1537.0,-78444.0,-5.64,-50770.0,-3.65,-27674.0,-1.99,-77708.0,-5.59,156151.0,11.22,30.0,2.528,2.533,25803400.0,65360012,65360012,2026-05-13,2026-05-13 16:11:38+08:00
159863,光伏ETF鹏华,0.763,0.7643,0.17,0.018,2.42,177377.0,13410873.416,0.744,0.763,0.74,0.745,3.09,5.35,1.31,-9.45,115492.0,61885.0,3805146.0,28.37,2486487.0,18.54,1318659.0,9.83,-1173363.0,-8.75,-2631783.0,-19.62,1464.0,0.762,0.763,331729360.0,253109502,253109502,2026-05-13,2026-05-13 15:34:33+08:00
512140,电力ETF华安,1.058,1.0539,-0.39,0.025,2.42,474589.0,50141369.0,1.033,1.065,1.033,1.033,3.1,16.42,0.41,36.4,264738.0,209851.0,-10154559.0,-20.25,-5982200.0,-11.93,-4172359.0,-8.32,5573955.0,11.12,4580604.0,9.14,100.0,1.057,1.059,289049008.0,305813850,305813850,2026-05-13,2026-05-13 16:11:33+08:00
588280,科创50ETF华安,1.275,1.2784,0.27,0.03,2.41,231002.0,28825888.0,1.216,1.278,1.21,1.245,5.46,7.6,0.91,-48.19,127402.0,103600.0,3952033.0,13.71,4379686.0,15.19,-427653.0,-1.48,-2940377.0,-10.2,-1011656.0,-3.51,-10.0,1.275,1.276,304121008.0,387754285,387754285,2026-05-13,2026-05-13 16:12:00+08:00
562970,光伏ETF易方达,1.324,1.3211,-0.22,0.031,2.4,333680.0,43637838.0,1.283,1.324,1.283,1.293,3.17,6.86,1.27,-4.29,132734.0,200946.0,4569862.0,10.47,7320902.0,16.78,-2751040.0,-6.3,-3486871.0,-7.99,-1082991.0,-2.48,30.0,1.324,1.325,486448000.0,644057152,644057152,2026-05-13,2026-05-13 16:11:50+08:00
588910,科创价值ETF建信,1.628,1.6291,0.07,0.038,2.39,178699.0,28594630.0,1.579,1.629,1.568,1.59,3.84,14.41,1.3,-58.6,93551.0,85148.0,2903692.0,10.15,1366340.0,4.78,1537352.0,5.38,-2193980.0,-7.67,-709712.0,-2.48,3.0,1.626,1.628,124049100.0,201951935,201951935,2026-05-13,2026-05-13 16:11:38+08:00
159287,创业板综ETF博时,1.33,1.3269,-0.23,0.031,2.39,152623.0,20040942.8,1.279,1.33,1.279,1.299,3.93,11.43,1.61,88.01,47914.0,104709.0,-623561.0,-3.11,2038033.0,10.17,-2661594.0,-13.28,677328.0,3.38,-53767.0,-0.27,-1.0,1.33,1.335,133568753.0,177646441,177646441,2026-05-13,2026-05-13 15:34:27+08:00
159786,VRETF银华,1.33,1.327,-0.23,0.031,2.39,81555.0,10639968.444,1.291,1.33,1.278,1.299,4.0,8.18,0.52,-9.94,39609.0,41946.0,10889.0,0.1,-37538.0,-0.35,48427.0,0.46,64607.0,0.61,-75496.0,-0.71,195.0,1.326,1.33,99701174.0,132602561,132602561,2026-05-13,2026-05-13 15:34:18+08:00
159663,机床ETF华夏,2.316,2.3133,-0.12,0.054,2.39,272049.0,62205505.9,2.244,2.32,2.244,2.262,3.36,16.05,0.76,10.38,133970.0,138079.0,-41880.0,-0.07,678632.0,1.09,-720512.0,-1.16,-1263411.0,-2.03,1305292.0,2.1,-181.0,2.316,2.317,169517585.0,392602727,392602727,2026-05-13,2026-05-13 15:34:00+08:00
560630,机器人ETF万家,1.293,1.2933,0.02,0.03,2.38,144511.0,18419247.0,1.253,1.294,1.249,1.263,3.56,10.15,0.91,-42.29,86665.0,57846.0,2787980.0,15.14,2235871.0,12.14,552109.0,3.0,-1367601.0,-7.42,-1420380.0,-7.71,-10.0,1.292,1.294,142394000.0,184115442,184115442,2026-05-13,2026-05-13 16:11:41+08:00
159895,物联网ETF易方达,1.552,1.554,0.13,0.036,2.37,30536.0,4622178.5,1.512,1.552,1.492,1.516,3.96,4.35,1.39,-0.87,8037.0,22499.0,30312.0,0.66,0.0,0.0,30312.0,0.66,29756.0,0.64,-60069.0,-1.3,2.0,1.548,1.552,70241864.0,109015373,109015373,2026-05-13,2026-05-13 15:34:00+08:00
159808,创100ETF融通,1.555,1.5576,0.17,0.036,2.37,17564.0,2682993.942,1.519,1.559,1.501,1.519,3.82,3.28,1.03,-0.93,10206.0,7358.0,112143.0,4.18,0.0,0.0,112143.0,4.18,100650.0,3.75,-212793.0,-7.93,-3.0,1.55,1.557,53484790.0,83168848,83168848,2026-05-13,2026-05-13 15:34:39+08:00
516960,机械ETF国泰,1.121,1.1173,-0.33,0.026,2.37,20371.0,2258929.0,1.094,1.121,1.09,1.095,2.83,12.69,1.27,1.99,12541.0,7830.0,170359.0,7.54,201664.0,8.93,-31305.0,-1.39,-130991.0,-5.8,-39367.0,-1.74,200.0,1.12,1.121,16051100.0,17993283,17993283,2026-05-13,2026-05-13 16:11:55+08:00
560690,电信ETF鹏华,2.429,2.4265,-0.1,0.056,2.36,20131.0,4814245.0,2.373,2.438,2.349,2.373,3.75,9.52,1.21,-6.15,12243.0,7888.0,-385159.0,-8.0,-52155.0,-1.08,-333004.0,-6.92,330683.0,6.87,54477.0,1.13,-45.0,2.426,2.43,21139000.0,51346631,51346631,2026-05-13,2026-05-13 16:11:37+08:00
563010,电信ETF易方达,2.389,2.389,0.0,0.055,2.36,48187.0,11301587.0,2.325,2.393,2.31,2.334,3.56,5.72,1.27,4.54,29595.0,18592.0,1678927.0,14.86,256464.0,2.27,1422463.0,12.59,-1088253.0,-9.63,-590674.0,-5.23,-1.0,2.389,2.393,84189300.0,201128238,201128238,2026-05-13,2026-05-13 16:11:58+08:00
159906,深成长ETF大成,1.999,1.9981,-0.05,0.046,2.36,39719.0,7791991.8,1.951,2.001,1.937,1.953,3.28,3.16,0.39,38.52,19621.0,20098.0,-540032.0,-6.93,0.0,0.0,-540032.0,-6.93,579830.0,7.44,-39798.0,-0.51,-301.0,1.999,2.001,125639725.0,251153810,251153810,2026-05-13,2026-05-13 15:34:18+08:00
561170,绿色电力ETF富国,1.316,1.3078,-0.63,0.03,2.33,457588.0,60164638.0,1.287,1.325,1.287,1.286,2.95,14.9,1.42,-27.13,247862.0,209726.0,-7155616.0,-11.89,-232424.0,-0.39,-6923192.0,-11.51,3746392.0,6.23,3409224.0,5.67,-7.0,1.316,1.317,307032704.0,404055038,404055038,2026-05-13,2026-05-13 16:11:40+08:00
159551,机器人ETF国泰,1.495,1.4973,0.15,0.034,2.33,496091.0,73157639.537,1.446,1.498,1.445,1.461,3.63,17.53,2.23,-86.53,333649.0,162442.0,3336308.0,4.56,-8044585.0,-11.0,11380893.0,15.56,-1302632.0,-1.78,-2033675.0,-2.78,432.0,1.494,1.495,282920928.0,422966787,422966787,2026-05-13,2026-05-13 15:34:42+08:00
159667,工业母机ETF国泰,2.334,2.3316,-0.1,0.053,2.32,1573271.0,363602867.6,2.251,2.34,2.251,2.281,3.9,16.53,1.38,-56.97,981451.0,591820.0,-47811980.0,-13.15,-31773797.0,-8.74,-16038183.0,-4.41,21332528.0,5.87,26479453.0,7.28,11774.0,2.333,2.334,952016912.0,2222007473,2222007473,2026-05-13,2026-05-13 15:34:18+08:00
159958,创业板ETF工银,2.445,2.4448,-0.01,0.055,2.3,42408.0,10105186.1,2.37,2.448,2.361,2.39,3.64,1.8,1.16,-85.42,19843.0,22565.0,-1542699.0,-15.27,123867.0,1.23,-1666566.0,-16.49,1130369.0,11.19,412330.0,4.08,108.0,2.438,2.445,235011448.0,574602990,574602990,2026-05-13,2026-05-13 15:34:24+08:00
588940,科创50ETF富国,1.825,1.8274,0.13,0.041,2.3,343695.0,61068238.0,1.754,1.829,1.731,1.784,5.49,10.97,0.88,6.36,157876.0,185819.0,9192840.0,15.05,11181571.0,18.31,-1988731.0,-3.26,-9462344.0,-15.49,269504.0,0.44,-11.0,1.825,1.827,313420000.0,571991500,571991500,2026-05-13,2026-05-13 16:12:02+08:00
562500,机器人ETF华夏,1.156,1.1571,0.1,0.026,2.3,9778909.0,1116896552.0,1.121,1.158,1.121,1.13,3.27,4.96,0.86,-67.04,5899389.0,3879520.0,254712849.0,22.81,321517264.0,28.79,-66804415.0,-5.98,-135319740.0,-12.12,-119393103.0,-10.69,-424.0,1.155,1.156,19712687360.0,22787866588,22787866588,2026-05-13,2026-05-13 16:12:02+08:00
159701,物联网ETF招商,1.425,1.4278,0.2,0.032,2.3,11360.0,1607914.544,1.381,1.427,1.372,1.393,3.95,14.74,0.48,40.23,6209.0,5151.0,-15523.0,-0.97,-713000.0,-44.34,697477.0,43.38,37098.0,2.31,-21574.0,-1.34,-1.0,1.424,1.427,7705601.0,10980481,10980481,2026-05-13,2026-05-13 15:34:00+08:00
159609,光伏ETF浦银,0.666,0.6674,0.21,0.015,2.3,350349.0,23131246.62,0.648,0.667,0.647,0.651,3.07,10.65,1.35,-83.74,221107.0,129242.0,6938948.0,30.0,7118576.0,30.77,-179628.0,-0.78,-2443239.0,-10.56,-4495709.0,-19.44,969.0,0.665,0.666,328903408.0,219049670,219049670,2026-05-13,2026-05-13 15:34:39+08:00
159146,电力ETF华宝,1.163,1.1581,-0.42,0.026,2.29,433622.0,50388646.02,1.138,1.17,1.138,1.137,2.81,6.1,1.39,-26.8,229196.0,204426.0,-1489383.0,-2.96,1462671.0,2.9,-2952054.0,-5.86,327737.0,0.65,1161647.0,2.31,-5091.0,1.163,1.164,710440848.0,826242706,826242706,2026-05-13,2026-05-13 15:34:27+08:00
560310,光伏ETF博时,1.027,1.029,0.19,0.023,2.29,80229.0,8175637.0,1.0,1.029,1.0,1.004,2.89,3.91,1.9,2.44,51992.0,28237.0,1844987.0,22.57,1518142.0,18.57,326845.0,4.0,-1354603.0,-16.57,-490384.0,-6.0,1596.0,1.027,1.028,205122000.0,210660294,210660294,2026-05-13,2026-05-13 16:12:02+08:00
159572,创业板200ETF易方达,1.706,1.7044,-0.09,0.038,2.28,237836.0,40226953.8,1.652,1.706,1.638,1.668,4.08,10.17,1.38,-82.99,91442.0,146394.0,17387417.0,43.22,11984514.0,29.79,5402903.0,13.43,-4765490.0,-11.85,-12621926.0,-31.38,1000.0,1.704,1.706,233749107.0,398775977,398775977,2026-05-13,2026-05-13 15:34:24+08:00
560230,光伏ETF富国,1.037,1.037,0.0,0.023,2.27,160306.0,16484116.0,1.014,1.04,1.007,1.014,3.25,20.07,1.56,-8.47,100553.0,59753.0,1340326.0,8.13,-328152.0,-1.99,1668478.0,10.12,-1264188.0,-7.67,-76138.0,-0.46,5.0,1.036,1.037,79889000.0,82844893,82844893,2026-05-13,2026-05-13 16:11:43+08:00
562570,信创ETF华夏,1.625,1.6243,-0.04,0.036,2.27,328012.0,52306220.0,1.562,1.629,1.551,1.589,4.91,7.84,0.56,-1.02,201395.0,126617.0,6339678.0,12.12,10624457.0,20.31,-4284779.0,-8.19,-1309088.0,-2.5,-5030590.0,-9.62,-17.0,1.625,1.626,418281008.0,679706638,679706638,2026-05-13,2026-05-13 16:11:48+08:00
561700,电力ETF博时,1.266,1.259,-0.56,0.028,2.26,168975.0,21367471.0,1.24,1.274,1.24,1.238,2.75,5.9,1.63,35.67,81769.0,87206.0,-1658492.0,-7.76,-414963.0,-1.94,-1243529.0,-5.82,617986.0,2.89,1040506.0,4.87,-20.0,1.266,1.267,286313600.0,362473018,362473018,2026-05-13,2026-05-13 16:11:57+08:00
515370,光伏ETF华夏,1.09,1.0905,0.05,0.024,2.25,611048.0,65775686.0,1.061,1.091,1.058,1.066,3.1,4.76,1.31,-54.4,275895.0,335153.0,7281211.0,11.07,2895200.0,4.4,4386011.0,6.67,-2636308.0,-4.01,-4644904.0,-7.06,20.0,1.089,1.09,1283713008.0,1399247179,1399247179,2026-05-13,2026-05-13 16:11:43+08:00
159676,创业板增强ETF富国,1.775,1.7744,-0.03,0.039,2.25,56395.0,9831326.861,1.72,1.776,1.718,1.736,3.34,5.5,1.26,5.2,32494.0,23901.0,1363334.0,13.87,1885339.0,19.18,-522005.0,-5.31,-1341925.0,-13.65,-21410.0,-0.22,37.0,1.771,1.775,102564183.0,182051425,182051425,2026-05-13,2026-05-13 15:34:48+08:00
588850,科创机械ETF嘉实,1.826,1.8285,0.14,0.04,2.24,22744.0,4077972.0,1.769,1.829,1.754,1.786,4.2,6.54,0.74,32.76,11626.0,11118.0,698964.0,17.14,0.0,0.0,698964.0,17.14,-223816.0,-5.49,-475149.0,-11.65,1.0,1.825,1.826,34779000.0,63506454,63506454,2026-05-13,2026-05-13 16:11:40+08:00
159695,通信ETF嘉实,3.29,3.2936,0.11,0.072,2.24,187407.0,60568792.7,3.177,3.29,3.16,3.218,4.04,10.09,1.14,-59.08,103193.0,84214.0,532869.0,0.88,566941.0,0.94,-34072.0,-0.06,-394289.0,-0.65,-138581.0,-0.23,1204.0,3.289,3.29,185812086.0,611321763,611321763,2026-05-13,2026-05-13 15:34:54+08:00
561560,电力ETF华泰柏瑞,1.459,1.453,-0.41,0.032,2.24,1162469.0,168953482.0,1.426,1.468,1.425,1.427,3.01,5.12,1.52,33.52,415649.0,746820.0,7492289.0,4.43,37731968.0,22.33,-30239679.0,-17.9,-979087.0,-0.58,-6513203.0,-3.86,71.0,1.458,1.459,2271624208.0,3314299719,3314299719,2026-05-13,2026-05-13 16:11:36+08:00
159295,创业综指ETF西部利得,1.276,1.2787,0.21,0.028,2.24,19179.0,2403931.939,1.244,1.277,1.239,1.248,3.04,2.31,1.13,44.94,10786.0,8393.0,155522.0,6.47,171670.0,7.14,-16148.0,-0.67,-39353.0,-1.64,-116170.0,-4.83,-50.0,1.276,1.277,82958239.0,105854713,105854713,2026-05-13,2026-05-13 15:34:42+08:00
515200,创新100ETF申万菱信,2.669,2.6764,0.28,0.058,2.22,8170.0,2125541.0,2.581,2.67,2.569,2.611,3.87,1.9,0.61,87.26,5134.0,3036.0,-612885.0,-28.83,1327.0,0.06,-614212.0,-28.9,638009.0,30.02,-25124.0,-1.18,1.0,2.656,2.669,42943200.0,114615401,114615401,2026-05-13,2026-05-13 16:11:40+08:00
516370,电力ETF汇添富,1.061,1.0572,-0.36,0.023,2.22,510799.0,54124018.0,1.037,1.069,1.029,1.038,3.85,20.65,1.91,-24.15,339256.0,171543.0,-7334980.0,-13.55,-7513758.0,-13.88,178778.0,0.33,1961298.0,3.62,5373682.0,9.93,-36.0,1.061,1.062,247408000.0,262499888,262499888,2026-05-13,2026-05-13 16:11:51+08:00
516880,光伏ETF银华,0.968,0.9673,-0.07,0.021,2.22,484495.0,46348051.0,0.939,0.969,0.939,0.947,3.17,3.76,1.12,-8.22,218379.0,266116.0,10735003.0,23.16,11220075.0,24.21,-485072.0,-1.05,-5044051.0,-10.88,-5690952.0,-12.28,1.0,0.967,0.968,1287944096.0,1246729885,1246729885,2026-05-13,2026-05-13 16:11:51+08:00
159973,民企ETF弘毅远方,2.169,2.1692,0.01,0.047,2.21,4993.0,1064839.2,2.12,2.17,2.111,2.122,2.78,0.25,1.2,30.06,2190.0,2803.0,235492.0,22.12,0.0,0.0,235492.0,22.12,-85552.0,-8.03,-149940.0,-14.08,2.0,2.169,2.178,199976423.0,433748861,433748861,2026-05-13,2026-05-13 15:34:57+08:00
515920,智能消费ETF博时,1.341,1.3436,0.19,0.029,2.21,49853.0,6613207.0,1.312,1.346,1.299,1.312,3.58,6.52,0.63,6.12,18493.0,31360.0,1242378.0,18.79,2111425.0,31.93,-869047.0,-13.14,-739626.0,-11.18,-502751.0,-7.6,82.0,1.342,1.346,76405700.0,102460044,102460044,2026-05-13,2026-05-13 16:11:59+08:00
159213,机器人ETF汇添富,1.39,1.3914,0.1,0.03,2.21,857175.0,117516802.391,1.35,1.393,1.35,1.36,3.16,18.09,1.68,14.04,600375.0,256800.0,11642678.0,9.91,-6726838.0,-5.72,18369516.0,15.63,-9167165.0,-7.8,-2475513.0,-2.11,-1062.0,1.39,1.391,473737568.0,658495220,658495220,2026-05-13,2026-05-13 15:34:51+08:00
159669,绿色电力ETF国泰,1.298,1.2893,-0.67,0.028,2.2,197199.0,25544203.5,1.275,1.306,1.274,1.27,2.52,10.31,2.67,-37.81,111816.0,85383.0,-4887445.0,-19.13,97451.0,0.38,-4984896.0,-19.51,2528391.0,9.9,2359053.0,9.24,2634.0,1.296,1.298,191254781.0,248248706,248248706,2026-05-13,2026-05-13 15:34:42+08:00
516180,光伏ETF平安,0.943,0.9441,0.12,0.02,2.17,185001.0,17260991.0,0.919,0.944,0.916,0.923,3.03,7.14,1.33,19.49,96245.0,88756.0,5213075.0,30.2,4924154.0,28.53,288921.0,1.67,34777.0,0.2,-5247853.0,-30.4,195.0,0.943,0.944,258987000.0,244224741,244224741,2026-05-13,2026-05-13 16:11:40+08:00
562520,中证1000成长ETF华夏,1.555,1.5552,0.01,0.033,2.17,36496.0,5584192.0,1.522,1.555,1.521,1.522,2.23,8.57,1.52,-13.03,22214.0,14282.0,135788.0,2.43,0.0,0.0,135788.0,2.43,-26694.0,-0.48,-109093.0,-1.95,6.0,1.553,1.555,42568000.0,66193240,66193240,2026-05-13,2026-05-13 16:12:01+08:00
560800,数字经济ETF鹏扬,1.231,1.2319,0.07,0.026,2.16,152190.0,18395075.0,1.192,1.233,1.17,1.205,5.23,3.98,0.79,-35.37,97810.0,54380.0,3821448.0,20.77,7799315.0,42.4,-3977867.0,-21.62,-2015634.0,-10.96,-1805814.0,-9.82,-64.0,1.231,1.232,381951104.0,470181809,470181809,2026-05-13,2026-05-13 16:11:58+08:00
516290,光伏ETF汇添富,0.712,0.7126,0.08,0.015,2.15,530470.0,37342553.0,0.696,0.713,0.692,0.697,3.01,5.85,1.09,-33.6,263745.0,266725.0,3815151.0,10.22,3148717.0,8.43,666434.0,1.78,-2281585.0,-6.11,-1533566.0,-4.11,-100.0,0.712,0.713,907196896.0,645924190,645924190,2026-05-13,2026-05-13 16:11:37+08:00
560770,机器人ETF招商,1.139,1.1421,0.27,0.024,2.15,539259.0,60716062.0,1.105,1.143,1.105,1.115,3.41,2.82,0.86,-44.65,363923.0,175336.0,6508288.0,10.72,15507154.0,25.54,-8998866.0,-14.82,-2496974.0,-4.11,-4011314.0,-6.61,-2.0,1.139,1.14,1911133008.0,2176780496,2176780496,2026-05-13,2026-05-13 16:11:35+08:00
560270,电力ETF工银,1.091,1.0865,-0.41,0.023,2.15,269525.0,29381106.0,1.068,1.099,1.067,1.068,3.0,16.34,1.3,45.43,162775.0,106750.0,481657.0,1.64,1652464.0,5.62,-1170807.0,-3.98,-187185.0,-0.64,-294473.0,-1.0,366.0,1.09,1.091,164939000.0,179948449,179948449,2026-05-13,2026-05-13 16:12:02+08:00
159311,数字经济ETF易方达,1.566,1.5666,0.04,0.033,2.15,22360.0,3445657.58,1.513,1.566,1.491,1.533,4.89,5.68,0.6,17.83,14137.0,8223.0,733704.0,21.29,279856.0,8.12,453848.0,13.17,-573521.0,-16.64,-160181.0,-4.65,-100.0,1.566,1.567,39383993.0,61675333,61675333,2026-05-13,2026-05-13 15:34:45+08:00
515790,光伏ETF华泰柏瑞,1.146,1.1476,0.14,0.024,2.14,6366100.0,724348677.0,1.115,1.148,1.114,1.122,3.03,7.05,1.4,-44.12,3948218.0,2417882.0,29705276.0,4.1,-12003152.0,-1.66,41708428.0,5.76,-8499652.0,-1.17,-21205607.0,-2.93,382.0,1.145,1.146,9033494016.0,10352384142,10352384142,2026-05-13,2026-05-13 16:11:48+08:00
159158,电力ETF景顺,1.151,1.1479,-0.27,0.024,2.13,601128.0,69150212.383,1.135,1.159,1.127,1.127,2.84,5.1,1.67,-3.36,379124.0,222004.0,6367465.0,9.21,6079512.0,8.79,287953.0,0.42,-6469401.0,-9.36,101937.0,0.15,-2126.0,1.151,1.152,1178035344.0,1355918681,1355918681,2026-05-13,2026-05-13 15:34:36+08:00
588670,科创综指增强ETF嘉实,1.873,1.8794,0.34,0.039,2.13,13448.0,2471946.0,1.834,1.877,1.795,1.834,4.47,3.07,0.71,-7.83,4564.0,8884.0,101842.0,4.12,0.0,0.0,101842.0,4.12,43499.0,1.76,-145341.0,-5.88,-97.0,1.87,1.873,43792000.0,82022416,82022416,2026-05-13,2026-05-13 16:11:44+08:00
159258,机器人ETF南方,1.297,1.2974,0.03,0.027,2.13,734993.0,93967927.776,1.266,1.299,1.259,1.27,3.15,5.46,1.44,-70.39,550737.0,184256.0,2378805.0,2.53,-17391593.0,-18.51,19770398.0,21.04,-785230.0,-0.84,-1593574.0,-1.7,1485.0,1.296,1.297,1346765664.0,1746755066,1746755066,2026-05-13,2026-05-13 15:34:39+08:00
159611,电力ETF广发,1.202,1.1977,-0.36,0.025,2.12,6459698.0,776234409.046,1.177,1.213,1.177,1.177,3.06,10.15,1.45,46.91,3531050.0,2928648.0,41880178.0,5.4,30899636.0,3.98,10980542.0,1.41,-23878660.0,-3.08,-18001517.0,-2.32,72916.0,1.201,1.202,6365562880.0,7651406582,7651406582,2026-05-13,2026-05-13 15:34:36+08:00
588220,科创100ETF鹏华,1.832,1.8295,-0.14,0.038,2.12,4020810.0,719065859.0,1.766,1.833,1.764,1.794,3.85,7.66,0.79,33.03,2217003.0,1803807.0,47829332.0,6.65,25146224.0,3.5,22683108.0,3.15,-36299334.0,-5.05,-11530005.0,-1.6,-213.0,1.832,1.833,5248197888.0,9614698531,9614698531,2026-05-13,2026-05-13 16:11:46+08:00
588230,科创200ETF华泰柏瑞,2.116,2.1134,-0.12,0.044,2.12,941770.0,196132479.0,2.041,2.12,2.041,2.072,3.81,11.29,0.9,-0.82,486036.0,455734.0,981068.0,0.5,-8514883.0,-4.34,9495951.0,4.84,-1282463.0,-0.65,301395.0,0.15,-18.0,2.117,2.118,833939008.0,1764614941,1764614941,2026-05-13,2026-05-13 16:11:37+08:00
159293,创业板综增强ETF建信,1.205,1.2046,-0.03,0.025,2.12,24607.0,2914537.2,1.172,1.205,1.172,1.18,2.8,7.42,0.57,41.11,17896.0,6711.0,346.0,0.01,0.0,0.0,346.0,0.01,124583.0,4.27,-124929.0,-4.29,2500.0,1.204,1.205,33159397.0,39957073,39957073,2026-05-13,2026-05-13 15:34:39+08:00
589630,科创综指ETF国泰,1.746,1.7446,-0.08,0.036,2.11,281901.0,47857285.0,1.679,1.747,1.674,1.71,4.27,15.61,1.15,36.8,180781.0,101120.0,-1226487.0,-2.56,-4799260.0,-10.03,3572773.0,7.47,1841826.0,3.85,-615338.0,-1.29,307.0,1.744,1.746,180629000.0,315378234,315378234,2026-05-13,2026-05-13 16:12:02+08:00
562550,绿电ETF华夏,1.304,1.3011,-0.22,0.027,2.11,2241036.0,292878897.0,1.281,1.319,1.28,1.277,3.05,20.1,1.52,9.09,1211065.0,1029972.0,-33644977.0,-11.49,-13022548.0,-4.45,-20622429.0,-7.04,15313365.0,5.23,18331611.0,6.26,3825.0,1.303,1.304,1114919296.0,1453854762,1453854762,2026-05-13,2026-05-13 16:11:47+08:00
589890,科创综指ETF景顺,1.703,1.7068,0.22,0.035,2.1,141095.0,23664187.0,1.637,1.706,1.637,1.668,4.14,14.85,1.08,15.77,75487.0,65608.0,667490.0,2.82,1701439.0,7.19,-1033949.0,-4.37,205842.0,0.87,-873333.0,-3.69,1.0,1.702,1.703,94987000.0,161762861,161762861,2026-05-13,2026-05-13 16:12:02+08:00
560580,电力ETF南方,1.265,1.2612,-0.3,0.026,2.1,229238.0,28982980.0,1.239,1.276,1.239,1.239,2.99,8.46,1.69,-58.27,115034.0,114204.0,-3378517.0,-11.66,-4414534.0,-15.23,1036017.0,3.57,1860464.0,6.42,1518053.0,5.24,500.0,1.264,1.265,271003008.0,342818805,342818805,2026-05-13,2026-05-13 16:11:33+08:00
159857,光伏ETF天弘,0.975,0.9755,0.05,0.02,2.09,1761386.0,169850520.265,0.95,0.976,0.948,0.955,2.93,6.78,1.06,-46.36,882405.0,878981.0,23786867.0,14.0,32311934.0,19.02,-8525067.0,-5.02,-13522936.0,-7.96,-10263931.0,-6.04,-12230.0,0.975,0.976,2599515728.0,2534527835,2534527835,2026-05-13,2026-05-13 15:34:42+08:00
589880,科创综指ETF建信,1.709,1.7115,0.15,0.035,2.09,200980.0,33613026.0,1.676,1.71,1.641,1.674,4.12,4.9,0.89,12.28,112598.0,88382.0,7978721.0,23.74,7469972.0,22.22,508749.0,1.51,-6632563.0,-19.73,-1346158.0,-4.0,7.0,1.708,1.709,409996000.0,700683164,700683164,2026-05-13,2026-05-13 16:11:57+08:00
589990,科创综指ETF华泰柏瑞,1.773,1.7714,-0.09,0.036,2.07,24662.0,4301243.0,1.72,1.773,1.707,1.737,3.8,2.02,0.39,-15.02,10750.0,13912.0,-57301.0,-1.33,0.0,0.0,-57301.0,-1.33,189926.0,4.42,-132624.0,-3.08,300.0,1.77,1.773,122090000.0,216465570,216465570,2026-05-13,2026-05-13 16:11:35+08:00
159658,数字经济ETF华安,1.875,1.8765,0.08,0.038,2.07,63994.0,11795946.0,1.829,1.879,1.785,1.837,5.12,13.09,0.86,-27.13,42469.0,21525.0,1617260.0,13.71,6189247.0,52.47,-4571987.0,-38.76,-1083564.0,-9.19,-533696.0,-4.52,-13.0,1.875,1.876,48894877.0,91677894,91677894,2026-05-13,2026-05-13 15:34:15+08:00
589800,科创综指ETF易方达,1.723,1.7252,0.13,0.035,2.07,850024.0,143544134.0,1.668,1.726,1.656,1.688,4.15,8.37,0.95,-11.97,477353.0,372671.0,2735285.0,1.91,-5250149.0,-3.66,7985434.0,5.56,284971.0,0.2,-3020256.0,-2.1,5018.0,1.722,1.723,1015988208.0,1750547682,1750547682,2026-05-13,2026-05-13 16:11:35+08:00
159108,工业软件ETF博时,1.092,1.0931,0.1,0.022,2.06,79200.0,8553332.471,1.066,1.093,1.06,1.07,3.08,5.15,0.96,-52.36,29351.0,49849.0,3038009.0,35.52,3822373.0,44.69,-784364.0,-9.17,-2245076.0,-26.25,-792931.0,-9.27,249.0,1.091,1.092,153738511.0,167882454,167882454,2026-05-13,2026-05-13 15:34:09+08:00
589150,科创50ETF平安,1.287,1.2896,0.2,0.026,2.06,93800.0,11789669.0,1.23,1.29,1.222,1.261,5.39,15.27,1.04,-20.9,59229.0,34571.0,-710676.0,-6.03,1543656.0,13.09,-2254332.0,-19.12,332665.0,2.82,378011.0,3.21,-6.0,1.287,1.288,61437200.0,79069676,79069676,2026-05-13,2026-05-13 16:11:57+08:00
588450,科创50增强ETF招商,2.293,2.299,0.26,0.046,2.05,93379.0,21134570.0,2.227,2.298,2.191,2.247,4.76,17.11,1.1,4.2,53479.0,39900.0,574968.0,2.72,-2303572.0,-10.9,2878540.0,13.62,-431376.0,-2.04,-143592.0,-0.68,-15.0,2.294,2.295,54568700.0,125126029,125126029,2026-05-13,2026-05-13 16:11:36+08:00
159864,光伏ETF国泰,0.751,0.7522,0.16,0.015,2.04,847573.0,63222772.892,0.732,0.753,0.729,0.736,3.26,10.85,1.99,-85.51,378818.0,468755.0,9018181.0,14.26,11042172.0,17.47,-2023991.0,-3.2,-2366474.0,-3.74,-6651707.0,-10.52,1686.0,0.75,0.751,781526832.0,586926651,586926651,2026-05-13,2026-05-13 15:34:00+08:00
589860,科创综指ETF天弘,1.71,1.713,0.18,0.034,2.03,191318.0,31973162.0,1.66,1.71,1.644,1.676,3.94,10.27,0.91,33.49,95845.0,95473.0,2196668.0,6.87,1699110.0,5.31,497558.0,1.56,-1552873.0,-4.86,-643795.0,-2.01,-2.0,1.71,1.711,186224000.0,318443040,318443040,2026-05-13,2026-05-13 16:12:02+08:00
589270,科创100ETF前海开源,1.155,1.1556,0.05,0.023,2.03,141176.0,15980182.0,1.121,1.156,1.113,1.132,3.8,29.1,1.26,41.99,60704.0,80472.0,1285359.0,8.04,3327622.0,20.82,-2042263.0,-12.78,-1120420.0,-7.01,-164939.0,-1.03,14.0,1.151,1.156,48516600.0,56036673,56036673,2026-05-13,2026-05-13 16:11:57+08:00
159573,创业板200ETF华夏,1.712,1.7137,0.1,0.034,2.03,160451.0,27207864.871,1.663,1.714,1.663,1.678,3.04,18.78,1.16,-1.81,90434.0,70017.0,99190.0,0.36,1072851.0,3.94,-973661.0,-3.58,273653.0,1.01,-372844.0,-1.37,31.0,1.711,1.712,85456297.0,146301180,146301180,2026-05-13,2026-05-13 15:34:06+08:00
159618,光伏ETF华安,0.906,0.9069,0.1,0.018,2.03,89827.0,8063115.8,0.883,0.906,0.88,0.888,2.93,11.65,1.27,-6.63,49312.0,40515.0,1557630.0,19.32,1380859.0,17.13,176771.0,2.19,360372.0,4.47,-1918002.0,-23.79,125.0,0.905,0.906,77131407.0,69881055,69881055,2026-05-13,2026-05-13 15:34:45+08:00
159886,机械ETF富国,1.157,1.1565,-0.04,0.023,2.03,30399.0,3489361.8,1.134,1.159,1.134,1.134,2.2,4.56,0.74,37.65,19859.0,10540.0,-16961.0,-0.49,-316532.0,-9.07,299571.0,8.59,157262.0,4.51,-140301.0,-4.02,-1500.0,1.157,1.159,66642555.0,77105436,77105436,2026-05-13,2026-05-13 15:34:00+08:00
159013,工业互联网ETF大成,1.106,1.109,0.27,0.022,2.03,174391.0,19044676.441,1.076,1.11,1.07,1.084,3.69,15.49,0.45,-73.24,89505.0,84886.0,4405617.0,23.13,10190113.0,53.51,-5784496.0,-30.37,-3269012.0,-17.16,-1136604.0,-5.97,-280.0,1.106,1.108,112578881.0,124512242,124512242,2026-05-13,2026-05-13 15:34:57+08:00
589900,科创综指ETF博时,1.721,1.7233,0.13,0.034,2.02,230175.0,38791572.0,1.671,1.722,1.653,1.687,4.09,11.57,1.44,12.94,111085.0,119090.0,4272156.0,11.01,3117643.0,8.04,1154513.0,2.98,-3762186.0,-9.7,-509971.0,-1.31,61.0,1.719,1.722,198908200.0,342321012,342321012,2026-05-13,2026-05-13 16:12:02+08:00
589660,科创综指ETF南方,1.724,1.7283,0.25,0.034,2.01,310619.0,52578904.0,1.69,1.727,1.659,1.69,4.02,10.3,1.12,-14.74,156282.0,154337.0,2475289.0,4.71,-1020662.0,-1.94,3495951.0,6.65,-2234679.0,-4.25,-240610.0,-0.46,-4313.0,1.724,1.725,301530000.0,519837720,519837720,2026-05-13,2026-05-13 16:11:39+08:00
159290,创业板综指增强ETF东财,1.374,1.3785,0.33,0.027,2.0,17969.0,2437070.353,1.336,1.378,1.335,1.347,3.19,3.52,0.53,-61.31,6986.0,10983.0,-127945.0,-5.25,0.0,0.0,-127945.0,-5.25,120442.0,4.94,7502.0,0.31,5.0,1.373,1.374,51100396.0,70211944,70211944,2026-05-13,2026-05-13 15:34:03+08:00
588240,科创200ETF鹏华,1.938,1.9365,-0.08,0.038,2.0,314651.0,59899177.0,1.888,1.94,1.865,1.9,3.95,21.91,1.03,-5.04,168557.0,146094.0,537973.0,0.9,3435751.0,5.74,-2897778.0,-4.84,-363882.0,-0.61,-174091.0,-0.29,-206.0,1.937,1.939,143633000.0,278360754,278360754,2026-05-13,2026-05-13 16:11:59+08:00
562030,信创ETF华宝,0.612,0.6147,0.44,0.012,2.0,142968.0,8585062.0,0.597,0.615,0.585,0.6,5.0,8.77,0.81,-79.12,84276.0,58692.0,1072702.0,12.49,591713.0,6.89,480989.0,5.6,-779586.0,-9.08,-293116.0,-3.41,46.0,0.611,0.613,162973900.0,99740027,99740027,2026-05-13,2026-05-13 16:11:40+08:00
560980,光伏龙头ETF广发,0.872,0.8728,0.09,0.017,1.99,432491.0,37343627.0,0.85,0.873,0.848,0.855,2.92,8.9,0.76,-35.54,224957.0,207534.0,2229723.0,5.97,391254.0,1.05,1838469.0,4.92,-1974335.0,-5.29,-255388.0,-0.68,-1635.0,0.872,0.873,486022000.0,423811184,423811184,2026-05-13,2026-05-13 16:11:56+08:00
159292,创业板综增强ETF华宝,1.339,1.344,0.37,0.026,1.98,10707.0,1415992.0,1.313,1.341,1.309,1.313,2.44,3.13,1.41,55.04,6016.0,4691.0,170792.0,12.06,0.0,0.0,170792.0,12.06,-89051.0,-6.29,-81740.0,-5.77,-388.0,1.333,1.339,34189531.0,45779782,45779782,2026-05-13,2026-05-13 15:34:36+08:00
159552,中证2000增强ETF招商,2.436,2.4323,-0.15,0.047,1.97,284092.0,68575986.771,2.383,2.437,2.37,2.389,2.8,7.6,1.2,71.49,172077.0,112015.0,1452265.0,2.12,8915252.0,13.0,-7462987.0,-10.88,-1004946.0,-1.47,-447319.0,-0.65,-1315.0,2.436,2.438,373790320.0,910553220,910553220,2026-05-13,2026-05-13 15:34:45+08:00
515580,科技100ETF华泰柏瑞,1.452,1.4528,0.06,0.028,1.97,131208.0,18857120.0,1.415,1.454,1.411,1.424,3.02,3.64,0.86,-16.36,77993.0,53215.0,176248.0,0.93,1087324.0,5.77,-911076.0,-4.83,-205313.0,-1.09,29067.0,0.15,1.0,1.451,1.452,360031408.0,522765604,522765604,2026-05-13,2026-05-13 16:12:00+08:00
562360,机器人ETF银华,1.246,1.2498,0.3,0.024,1.96,371883.0,45906033.0,1.211,1.249,1.211,1.222,3.11,11.39,1.33,-45.47,152822.0,219061.0,22066769.0,48.07,13893816.0,30.27,8172953.0,17.8,-10753959.0,-23.43,-11312811.0,-24.64,-3.0,1.246,1.247,326474000.0,406786604,406786604,2026-05-13,2026-05-13 16:11:41+08:00
589200,科创200ETF工银,1.613,1.616,0.19,0.031,1.96,41081.0,6588122.0,1.582,1.619,1.562,1.582,3.6,13.04,1.09,-46.07,23964.0,17117.0,310026.0,4.71,959277.0,14.56,-649251.0,-9.85,10907.0,0.17,-320933.0,-4.87,-30.0,1.619,1.62,31507000.0,50820791,50820791,2026-05-13,2026-05-13 16:11:50+08:00
589050,科创综指ETF兴业,1.507,1.5076,0.04,0.029,1.96,44999.0,6570510.0,1.453,1.507,1.447,1.478,4.06,8.83,1.04,-56.97,30552.0,14447.0,3273770.0,49.83,1717993.0,26.15,1555777.0,23.68,-1323946.0,-20.15,-1949824.0,-29.68,987.0,1.505,1.508,50968000.0,76808776,76808776,2026-05-13,2026-05-13 16:12:00+08:00
517800,人工智能50ETF方正富邦,1.148,1.153,0.43,0.022,1.95,217025.0,24610003.0,1.118,1.15,1.107,1.126,3.82,5.87,1.33,0.94,152860.0,64165.0,7313474.0,29.72,4910052.0,19.95,2403422.0,9.77,-4955640.0,-20.14,-2357835.0,-9.58,-20.0,1.148,1.149,369539696.0,424231571,424231571,2026-05-13,2026-05-13 16:11:38+08:00
588690,科创增强ETF银华,1.365,1.3641,-0.07,0.026,1.94,28602.0,3839753.0,1.33,1.368,1.318,1.339,3.73,4.8,1.03,-56.77,17404.0,11198.0,1107824.0,28.85,1410840.0,36.74,-303016.0,-7.89,-840106.0,-21.88,-267719.0,-6.97,-15.0,1.365,1.366,59636000.0,81403140,81403140,2026-05-13,2026-05-13 16:11:55+08:00
589680,科创综指ETF鹏华,1.68,1.6821,0.12,0.032,1.94,1342638.0,220272499.0,1.619,1.682,1.617,1.648,3.94,23.56,1.28,-7.66,720860.0,621778.0,-939198.0,-0.43,-53628595.0,-24.35,52689397.0,23.92,641271.0,0.29,297927.0,0.14,-1.0,1.68,1.681,569943696.0,957505409,957505409,2026-05-13,2026-05-13 16:11:45+08:00
159901,深证100ETF易方达,4.054,4.0505,-0.09,0.077,1.94,1893283.0,755151607.997,3.957,4.054,3.95,3.977,2.62,11.14,1.78,39.75,609652.0,1283631.0,166507270.0,22.05,248074824.0,32.85,-81567554.0,-10.8,-178866874.0,-23.69,12359605.0,1.64,996.0,4.053,4.054,1698834928.0,6887076798,6887076798,2026-05-13,2026-05-13 15:34:09+08:00
562350,电力ETF银华,1.265,1.26,-0.4,0.024,1.93,197383.0,24979977.0,1.24,1.277,1.24,1.241,2.98,25.17,1.62,-10.42,99050.0,98333.0,-3677638.0,-14.72,-2012264.0,-8.06,-1665374.0,-6.67,1740644.0,6.97,1936995.0,7.75,358.0,1.264,1.265,78410900.0,99189789,99189789,2026-05-13,2026-05-13 16:11:58+08:00
159541,创业板综ETF万家,1.792,1.791,-0.06,0.034,1.93,65172.0,11573962.4,1.749,1.795,1.747,1.758,2.73,9.04,0.87,-6.87,37695.0,27477.0,-2415434.0,-20.87,-1789645.0,-15.46,-625789.0,-5.41,2207163.0,19.07,208272.0,1.8,-194.0,1.786,1.795,72093326.0,129191240,129191240,2026-05-13,2026-05-13 15:34:48+08:00
159270,创业板200ETF南方,1.324,1.3275,0.26,0.025,1.92,84930.0,11104084.884,1.293,1.326,1.288,1.299,2.93,7.67,0.86,-88.02,39337.0,45593.0,92579.0,0.83,0.0,0.0,92579.0,0.83,29468.0,0.27,-122048.0,-1.1,21.0,1.323,1.324,110763649.0,146651071,146651071,2026-05-13,2026-05-13 15:34:42+08:00
560620,公用事业ETF万家,1.064,1.0651,0.1,0.02,1.92,9994.0,1064630.0,1.044,1.07,1.044,1.044,2.49,3.24,1.02,-9.58,2746.0,7248.0,266086.0,24.99,0.0,0.0,266086.0,24.99,-112652.0,-10.58,-153433.0,-14.41,4.0,1.062,1.064,30867000.0,32842488,32842488,2026-05-13,2026-05-13 16:11:46+08:00
515750,科技50ETF富国,2.02,2.0174,-0.13,0.038,1.92,126709.0,25189894.0,1.973,2.021,1.962,1.982,2.98,3.62,1.07,25.18,67039.0,59670.0,101284.0,0.4,426152.0,1.69,-324868.0,-1.29,1715926.0,6.81,-1817210.0,-7.21,49.0,2.019,2.02,350140496.0,707283802,707283802,2026-05-13,2026-05-13 16:11:48+08:00
589600,科创综指ETF富国,1.707,1.7128,0.34,0.032,1.91,82705.0,13921382.0,1.667,1.71,1.64,1.675,4.18,3.42,1.09,-33.41,42925.0,39780.0,3188467.0,22.9,-1582963.0,-11.37,4771430.0,34.27,-2912312.0,-20.92,-276157.0,-1.98,50.0,1.706,1.707,241535000.0,412300245,412300245,2026-05-13,2026-05-13 16:11:33+08:00
589300,科创综指ETF嘉实,1.869,1.8768,0.42,0.035,1.91,11871.0,2191303.0,1.806,1.874,1.804,1.834,3.82,2.39,0.5,-3.4,5408.0,6463.0,814157.0,37.15,209954.0,9.58,604203.0,27.57,-673733.0,-30.75,-140424.0,-6.41,-100.0,1.869,1.872,49582500.0,92669693,92669693,2026-05-13,2026-05-13 16:11:44+08:00
589080,科创综指ETF汇添富,1.704,1.7094,0.32,0.032,1.91,208724.0,34887151.0,1.647,1.707,1.64,1.672,4.01,13.21,1.04,-5.86,100699.0,108025.0,1628341.0,4.67,-678198.0,-1.94,2306539.0,6.61,-1205103.0,-3.45,-423238.0,-1.21,-200.0,1.704,1.706,158061000.0,269335944,269335944,2026-05-13,2026-05-13 16:11:54+08:00
159966,创业板价值ETF华夏,0.642,0.6436,0.25,0.012,1.9,452516.0,28866049.256,0.626,0.644,0.626,0.63,2.86,7.39,1.85,-70.24,162252.0,290264.0,14119578.0,48.91,14508179.0,50.26,-388601.0,-1.35,-9837096.0,-34.08,-4282482.0,-14.84,-141.0,0.642,0.643,612299520.0,393096292,393096292,2026-05-13,2026-05-13 15:34:30+08:00
589000,科创综指ETF华夏,1.717,1.7176,0.03,0.032,1.9,953714.0,159990227.0,1.659,1.719,1.651,1.685,4.04,10.37,1.2,-53.11,511184.0,442530.0,5077616.0,3.17,3731538.0,2.33,1346078.0,0.84,-3712769.0,-2.32,-1364847.0,-0.85,1.0,1.716,1.717,919507808.0,1578794906,1578794906,2026-05-13,2026-05-13 16:11:42+08:00
159912,深300ETF汇添富,2.194,2.1952,0.05,0.041,1.9,8284.0,1792363.2,2.147,2.196,2.144,2.153,2.42,1.31,1.05,-2.61,2892.0,5392.0,525745.0,29.33,0.0,0.0,525745.0,29.33,-424874.0,-23.7,-100871.0,-5.63,2.0,2.191,2.195,63448991.0,139207086,139207086,2026-05-13,2026-05-13 15:34:06+08:00
159259,成长ETF易方达,1.457,1.4541,-0.2,0.027,1.89,2777837.0,399594362.094,1.41,1.461,1.407,1.43,3.78,15.1,0.99,-33.06,1604683.0,1173154.0,-16640141.0,-4.16,-8399965.0,-2.1,-8240176.0,-2.06,10802615.0,2.7,5837527.0,1.46,3303.0,1.456,1.457,1839696400.0,2680437655,2680437655,2026-05-13,2026-05-13 15:34:06+08:00
560280,工程机械ETF广发,1.836,1.8378,0.1,0.034,1.89,1148234.0,208996146.0,1.789,1.839,1.777,1.802,3.44,4.68,0.59,-18.93,607315.0,540920.0,28921845.0,13.84,2166452.0,1.04,26755393.0,12.8,-16724556.0,-8.0,-12197289.0,-5.84,-1000.0,1.835,1.837,2455752000.0,4508760672,4508760672,2026-05-13,2026-05-13 16:12:01+08:00
589950,科创100ETF富国,1.357,1.3584,0.1,0.025,1.88,111332.0,14986319.0,1.319,1.359,1.312,1.332,3.53,3.33,1.11,2.04,61437.0,49895.0,6309545.0,42.1,8500158.0,56.72,-2190613.0,-14.62,-6130869.0,-40.91,-178676.0,-1.19,90.0,1.357,1.358,333873008.0,453065672,453065672,2026-05-13,2026-05-13 16:11:43+08:00
589500,科创综指ETF工银,1.731,1.7356,0.27,0.032,1.88,83694.0,14178518.0,1.672,1.733,1.666,1.699,3.94,8.36,1.18,20.77,39783.0,43911.0,1187736.0,8.38,-815045.0,-5.75,2002781.0,14.13,-1131333.0,-7.98,-56403.0,-0.4,172.0,1.73,1.731,100064000.0,173210784,173210784,2026-05-13,2026-05-13 16:11:36+08:00
588880,科创100ETF华泰柏瑞,1.801,1.8016,0.03,0.033,1.87,54425.0,9642196.0,1.766,1.801,1.739,1.768,3.51,5.02,0.74,15.59,32050.0,22375.0,946800.0,9.82,817760.0,8.48,129040.0,1.34,-630302.0,-6.54,-316498.0,-3.28,-42.0,1.801,1.803,108368000.0,195170768,195170768,2026-05-13,2026-05-13 16:11:42+08:00
589580,科创综指ETF兴银,1.689,1.7004,0.67,0.031,1.87,5229.0,864688.0,1.642,1.702,1.642,1.658,3.62,5.05,0.22,-42.16,1739.0,3490.0,259917.0,30.06,0.0,0.0,259917.0,30.06,-144930.0,-16.76,-114987.0,-13.3,-53.0,1.687,1.702,10354800.0,17489257,17489257,2026-05-13,2026-05-13 16:11:34+08:00
